1747 2620
263 140 310 177 52
742 128 855 166 PSE
864 128 1022 166 UDOL
1033 129 1112 167 US.
1279 127 1357 181 [IV
1378 130 1413 176 6,
1439 142 1455 167 1
1466 143 1594 178 1—40

263 231 379 279 Roga
407 229 572 267 obsecro
601 228 732 267 hercle
745 243 762 277 ;—
793 228 919 278 gestio
949 227 1189 278 promittere,

264 292 457 331 Omnibus
487 291 616 330 modis
645 291 716 330 tibi
747 305 831 330 esse
859 305 942 330 rem
971 300 1014 330 ut
1042 294 1192 330 saluam
1221 294 1346 342 scias;

265 358 395 406 Atque
423 355 542 394 etiam
571 356 717 394 habeto
745 355 948 394 mulierem
978 357 1085 394 dono
1114 355 1196 394 tibi.
1494 368 1594 407 1075

264 423 318 459 S1.
378 421 542 459 Nullum
571 419 761 468 periclum
791 428 862 467 est,
892 421 1001 469 quod
1030 420 1163 469 sciam,
1196 420 1424 470 stipularien

216 504 226 520 ι
266 487 322 524 Ut
351 483 567 533 concepisti
594 485 724 521 uerba.
783 483 934 534 Uiginti
964 484 1090 522 minas

267 547 429 587 Dabin?
503 549 574 587 BA.
632 548 853 586 Dabuntur.
930 549 984 586 St.
1045 549 1140 587 Hoc
1173 547 1334 598 quidem
1372 556 1503 587 actum
1540 556 1600 588 est

373 612 478 651 haud
508 613 620 650 male.
1332 612 1336 613 ⁷

267 677 363 731 [Sed
390 677 665 716 conuenistine
693 676 925 716 hominem?
999 679 1070 717 BA.
1131 679 1262 716 Immo
1292 678 1430 716 ambos
1459 677 1584 716 simul.

221 768 223 771 -
267 745 317 783 SI.
372 742 488 791 Quid
515 742 598 780 ait?
631 741 725 791 quid
755 743 912 780 narrat?
945 754 1092 791 quaeso
1123 742 1217 791 quid
1247 742 1343 800 dieit
1371 742 1473 780 tibi?
1499 744 1599 780 1080

226 1924 256 1947 35

228 2243 261 2266 40

268 810 337 846 BA.
397 809 533 856 Nugas
563 806 714 852 theatri,
745 807 866 844 uerba
895 819 998 855 quae
1027 805 1066 843 in
1096 806 1312 844 comoediis

268 874 405 911 Solent
433 870 567 910 lenoni
597 870 686 917 dici,
717 883 818 919 quae
847 869 959 919 pueri
988 869 1116 908 sciunt
1131 883 1142 917 3

271 937 423 974 Malum
453 943 491 974 et
520 936 730 973 scelestum
760 942 798 973 et
826 934 1025 984 periurum
1055 934 1162 972 aibat
1191 946 1276 972 esse
1306 947 1380 973 me.

269 1003 321 1039 S1.
380 1001 452 1039 Pol
481 1000 588 1038 haud
616 998 830 1037 mentitust.
909 1000 981 1036 ΒΑ.
1040 998 1144 1047 Ergo
1172 997 1279 1035 haud
1308 997 1428 1036 iratus
1456 998 1521 1036 fui.

271 1067 375 1103 Nam
405 1063 542 1114 quanti
569 1064 685 1101 refert
714 1061 749 1101 ei
778 1075 852 1101 nec
879 1070 985 1101 reete
1015 1063 1156 1108 dicere,
1501 1064 1599 1112 1085

271 1128 350 1178 Qui
379 1128 497 1166 nihili
519 1127 636 1166 faciat
664 1125 809 1177 quique
839 1126 982 1165 infitias
1011 1140 1092 1165 non
1121 1134 1183 1166 eat
1197 1124 1232 1179 ?]

220 1215 234 1231 2
271 1195 323 1233 S1.
382 1193 461 1232 Sed
489 1191 556 1241 qui
586 1204 667 1230 non
696 1184 847 1230 metuas
876 1192 926 1229 ab
956 1204 1016 1238 eo,
1046 1191 1087 1229 id
1116 1191 1249 1230 audire
1279 1199 1433 1241 expeto.

272 1260 340 1296 BA.
401 1256 504 1306 Quia
533 1268 749 1305 numquam
779 1256 949 1294 abducet
978 1255 1180 1293 mulierem
1209 1255 1286 1293 iarn
1317 1269 1391 1294 nee
1419 1263 1561 1305 potest.

273 1324 326 1361 Si.
392 1322 476 1372 Qui
499 1324 620 1359 dum?
686 1322 761 1358 Ba.
822 1320 1069 1359 Meministin
1097 1320 1170 1359 tibi
1198 1334 1261 1359 me
1290 1321 1444 1359 dudum
1472 1320 1604 1360 dicere

272 1389 372 1425 Eam
400 1387 557 1426 uenisse
585 1384 698 1423 militi
728 1384 996 1424 Macedonio?
1502 1397 1603 1433 1090

273 1453 325 1491 S1.
386 1449 564 1490 Memini.
623 1452 694 1489 BA.
742 1451 829 1497 Em,
851 1449 953 1488 illius
973 1462 1107 1489 seruos
1127 1450 1205 1488 huc
1231 1450 1284 1488 ad
1309 1462 1373 1488 me
1400 1456 1603 1500 argentum

379 1515 520 1555 adtulit

239 1605 255 1620 ο
274 1583 324 1620 Et
353 1580 603 1630 obsignatum
633 1579 865 1630 symbolum.
941 1581 994 1619 S1.
1055 1579 1163 1628 Quid
1191 1583 1360 1630 postea?

273 1647 349 1683 Ba.
409 1643 489 1693 Qui
518 1643 619 1682 inter
647 1656 711 1682 me
739 1651 858 1692 atque
886 1643 995 1681 illum
1024 1642 1189 1682 militem
1219 1642 1472 1682 conuenerat.

274 1712 316 1748 Is
345 1722 479 1749 secum
507 1708 672 1747 abduxit
702 1709 904 1747 mulierem
931 1709 1038 1748 haud
1066 1710 1190 1748 multo
1219 1709 1336 1759 prius.

275 1777 330 1814 S1.
389 1776 531 1812 Bonan
551 1774 630 1811 fide
649 1772 750 1811 istuc
772 1771 899 1811 dicis?
954 1774 1022 1811 BA.
1073 1774 1195 1813 Unde
1215 1787 1261 1812 ea
1280 1773 1329 1812 sit
1348 1772 1473 1811 mihi?
1505 1784 1603 1823 1095

275 1840 327 1878 S1.
387 1839 494 1878 Uide
523 1838 645 1875 modo
674 1849 725 1875 ne
753 1836 832 1874 illie
861 1837 909 1875 sit
938 1836 1238 1875 conteehinatus
1266 1836 1478 1887 quidpiam.

276 1906 344 1943 BA.
406 1902 586 1952 Epistula
615 1909 733 1951 atque
761 1900 892 1951 imago
921 1914 984 1940 me
1014 1909 1164 1940 certum
1192 1901 1295 1943 facit.

277 1966 356 2016 Qui
384 1966 489 2005 illam
520 1967 598 2004 iam
626 1966 667 2004 in
696 1965 905 2015 Sicyonem
935 1978 982 2004 ex
1010 1966 1105 2004 urbe
1135 1964 1299 2004 abduxit
1326 1965 1478 2003 modo?

277 2032 329 2069 S1.
388 2032 497 2069 Bene
525 2031 656 2068 hercle
685 2030 840 2067 factum.
902 2028 1010 2077 Quid
1038 2042 1112 2078 ego
1141 2042 1252 2068 cesso
1282 2028 1520 2067 Pseudolum

278 2096 423 2132 Facere
451 2101 494 2132 ut
525 2094 593 2132 det
621 2106 769 2132 nomen
798 2093 850 2131 ad
879 2094 1009 2131 Molas
1039 2092 1267 2131 coloniam?
1400 2096 1404 2099 ’
1504 2104 1605 2129 1100

278 2159 356 2196 Sed
376 2158 463 2207 quis
484 2157 547 2195 hic
566 2157 687 2196 Homo
708 2164 767 2196 est
786 2157 1088 2206 chlamydatus?
1134 2158 1206 2194 BA.
1240 2157 1333 2193 Non
1349 2156 1492 2205 edepol
1511 2154 1605 2202 scio,

280 2222 366 2260 Nisi
395 2229 437 2260 ut
466 2223 722 2260 obseruemus
751 2235 830 2271 quo
861 2228 924 2260 eat
953 2229 1019 2259 aut
1049 2234 1166 2270 quam
1197 2233 1278 2259 rem
1307 2227 1425 2270 gerat.
