1747 2620
155 120 192 156 v
217 89 413 166 1,''21—2‚
441 117 503 170 ιο]
631 119 910 158 PSEUDOL
924 93 1019 158 σε(
1432 122 1477 157 61

157 224 250 261 Illos
278 221 510 260 adcubantis
540 222 712 271 potantis
742 220 909 260 amantis
1383 234 1481 269 1270

155 289 256 326 Cum
287 286 423 324 scortis
451 286 587 335 reliqui
618 294 656 324 et
686 299 818 327 meum
841 284 1020 324 scortum
1050 284 1197 324 ibidem

154 350 276 390 Cordi
304 358 424 400 atque
452 350 584 389 animo
614 363 685 389 suo
715 350 978 399 obsequentis.

154 415 231 454 Sed
260 423 470 465 postquam
499 414 704 462 exsurrexi,
735 422 848 452 orant
876 415 967 453 med
998 422 1041 453 ut
1070 416 1218 454 saltem.

106 499 137 523 25
155 479 220 517 Ad
248 480 354 517 hunc
382 492 446 517 me
475 480 640 518 modum
669 478 781 517 intuli
811 479 902 517 satis
932 480 1081 525 facete5

157 546 311 594 Nempe
331 556 378 582 ex
398 543 615 594 disciplina,
632 540 779 593 quippe
799 557 872 593 ego
892 543 956 593 qui
977 544 1101 593 probe
1122 542 1260 582 Ionica
1279 542 1479 594 perdidici.

158 607 390 647 Palliolatim
419 608 584 646 amictus
612 608 668 646 sic
696 608 838 647 incessi
868 609 1120 646 ludibundus.
1383 610 1481 656 1276

157 674 353 712 Plaudunt
381 673 521 723 partim
535 688 546 722 3
584 672 786 711 clamitant
816 687 880 712 me
909 681 950 711 ut
978 683 1160 712 reuortar.

157 738 307 787 Occepi
336 739 469 777 denuo
498 739 573 777 hoc
603 739 724 776 modo
739 752 751 786 3
789 736 914 791 [nolui
943 739 1047 778 idem
1063 737 1091 791 3]

106 819 138 843 30
157 803 319 842 Amicae
347 805 491 843 dabam
520 817 584 842 me
613 816 737 851 meae,
767 811 810 842 ut
839 817 903 843 me
931 813 1089 843 amaret.

157 869 238 908 Ubi
268 868 560 916 circumuortor‚
591 870 716 917 cado3
755 868 796 907 id
822 869 894 907 fuit
923 869 1065 908 naenia
1094 870 1200 907 ludo.
1384 870 1484 906 1280

156 935 287 982 Atque
315 934 411 972 dum
440 934 575 982 enitor,
607 947 711 984 prax,
742 934 821 972 iam
850 947 978 983 paene
1007 932 1210 983 inquinaui
1238 932 1411 983 pallium.

158 997 314 1037 Nimiae
343 1006 425 1036 tum
454 999 646 1048 uoluptati
676 999 819 1048 edepol
848 999 902 1036 fui
917 1013 927 1047 3

133 1061 223 1102 ‘Ob
251 1076 386 1101 casum
416 1063 530 1102 datur
556 1064 789 1112 cantharus3
828 1063 921 1102 bibi.

67 1138 70 1140 ’
107 1138 137 1162 35
158 1127 360 1165 Conmuto
388 1126 478 1165 ilico
507 1127 678 1177 pallium,
708 1127 804 1165 illud
833 1126 969 1176 posiui.

159 1191 259 1229 Inde
288 1191 366 1229 huc
393 1193 482 1239 exii,
512 1194 709 1241 crapulam
738 1192 833 1230 dum
862 1203 1099 1229 amouerem.
1386 1193 1482 1239 1285

159 1257 277 1294 Nunc
296 1257 346 1294 ad
367 1268 474 1295 erum
494 1269 627 1295 meum
644 1255 830 1294 maiorem
847 1256 964 1295 uenio
980 1257 1119 1294 foedus
1135 1265 1482 1294 conmemoratum.

157 1319 328 1369 Aperite,
348 1321 506 1370 aperite.
565 1322 688 1367 Heus,
710 1320 860 1359 Simoni
880 1333 945 1360 me
969 1322 1105 1359 adesse
1131 1320 1270 1370 aliquis
1295 1319 1482 1358 nuntiate.

424 1523 531 1562 S1Mo
559 1524 714 1562 SENEX.
773 1524 1020 1561 PSEUDOLUS
1049 1522 1223 1560 SERUOS.

75 1642 140 1674 V2
158 1638 212 1676 S1.
268 1638 363 1677 on
390 1636 462 1676 uiri
490 1637 663 1687 pessumi
692 1650 755 1676 me
783 1638 910 1676 exciet
938 1637 1050 1675 foras.

16 1687 17 1698 γ
158 1702 236 1741 Sed
264 1702 360 1751 quid
387 1701 493 1740 hoc?
530 1715 610 1752 quo
639 1702 791 1741 modo?
827 1702 923 1751 quid
951 1700 1071 1739 uideo
1101 1701 1204 1749 ego?

159 1757 223 1806 Ps.
281 1767 383 1806 Cum
412 1774 559 1805 corona
586 1767 737 1806 ebrium
767 1766 1007 1805 Pseudolum
1037 1773 1158 1803 tuom.
1388 1776 1487 1812 1290

159 1832 212 1870 S1.
271 1829 412 1869 Libere
440 1831 570 1869 hercle
598 1831 675 1868 hoc
703 1830 878 1879 quidem.
933 1830 1012 1868 Sed
1040 1828 1132 1866 uide
1161 1834 1330 1874 statum3

127 1915 141 1938 5
160 1896 267 1933 Num
297 1908 386 1933 mea
412 1894 535 1944 gratia
561 1894 801 1945 pertimescit
829 1893 980 1944 magis?

160 1958 303 2009 Cogito
331 1958 501 1998 saeuiter
529 1959 775 1998 blanditerne
803 1959 1003 2008 adloquar.

160 2024 238 2062 Sed
266 2024 344 2062 hoc
370 2036 434 2063 me
462 2031 573 2062 uotat
601 2022 683 2061 uim
709 2024 838 2062 facere
867 2036 984 2070 nunc,

162 2088 283 2135 Quod
310 2089 404 2135 fero,
434 2087 467 2126 si
495 2100 574 2137 qua
601 2087 641 2126 in
671 2088 748 2126 hoe
776 2100 867 2138 spes
896 2086 969 2126 sita
998 2094 1056 2126 est
1083 2085 1190 2125 mihi.
1387 2099 1484 2137 1295

163 2153 226 2190 Ps.
283 2151 358 2192 Uir
384 2153 510 2191 malus
539 2152 624 2191 uiro
653 2160 822 2201 optumo
851 2152 903 2191 ob
933 2153 1035 2190 uiam
1066 2151 1105 2190 it.

112 2232 144 2249 10
162 2216 215 2254 Sr.
273 2215 327 2254 Di
354 2223 393 2254 te
421 2224 565 2263 ament,
598 2217 806 2255 Pseudole.
862 2217 930 2254 Ps.
971 2216 1066 2254 Pfui.
1126 2216 1182 2255 Si.
1223 2217 1255 2254 I
1274 2215 1315 2254 in
1344 2217 1485 2254 malam

256 2293 434 2320 crucem.

269 2357 305 2382 A.
329 2356 363 2382 P.
1358 2348 1380 2384 6
