1747 2620
144 128 203 165 1v
226 139 259 175 7,
281 126 483 180 87—107]
630 129 899 168 PSEUDOJ,
910 129 985 168 σε.
1421 138 1468 176 57

143 229 298 276 Docuit,
330 237 373 268 ut
401 230 563 269 fallaciis
593 231 684 270 hinc
712 230 914 269 mulierem
944 245 967 269 a
995 244 1059 269 me
1087 232 1314 270 abduceres.

140 295 222 332 Ha.
281 295 408 343 Quem
449 302 490 333 tu
529 295 778 341 Pseudolum,
819 308 916 343 quas
954 302 995 333 tu
1034 294 1130 333 mihi
1164 294 1367 344 praedicas
1405 295 1470 332 fal-

247 357 394 396 lacias?
1220 355 1235 361 ’

141 419 288 474 [Quem
317 435 390 472 ego
420 423 620 461 hominem
649 423 794 462 nullius
823 423 965 462 coloris
994 423 1098 462 noui.
1176 425 1245 463 ΒΑ.
1305 424 1398 461 Non
1428 431 1469 461 tu

247 484 361 523 istinc
389 486 473 524 abis
485 485 520 539 ?]

88 571 123 596 90
139 551 216 588 Ba.
275 550 385 588 Nihil
413 559 472 590 est
500 551 619 590 hodie
648 552 711 590 hie
739 552 990 602 sycophantis
1020 560 1213 602 quaestus.
1280 551 1399 589 Proin
1428 559 1469 590 tu

246 617 443 655 Pseudolo
796 608 801 613 ”
1345 610 1350 612 ’

141 679 309 717 Nunties
328 680 536 719 abduxisse
556 680 675 718 alium
696 682 896 731 praedam,
917 680 984 730 qui
1004 680 1172 719 occurrit
1191 679 1298 729 prior
1368 693 1469 718 1200

140 744 315 793 Harpax.
375 745 456 782 HA.
507 746 548 782 Is
577 744 738 793 quidem
767 745 910 795 edepol
941 747 1107 794 Harpax
1134 757 1208 794 ego
1237 757 1336 782 sum.
1395 745 1467 781 ΒΑ.

246 806 377 844 Immo
406 807 549 856 edepol
577 820 663 845 esse
691 807 760 846 uis.

140 869 263 906 Purus
291 877 408 918 putus
437 870 501 908 hic
528 872 771 920 sycophanta
797 879 864 910 est.
925 873 1010 909 HA.
1058 872 1142 920 Ego
1168 869 1240 908 tibi
1266 876 1468 920 argentum

246 933 338 972 dedi

140 1000 191 1037 Et
219 1000 372 1038 dudum
400 1001 615 1040 adueniens
644 1003 843 1051 extemplo
872 1001 1095 1051 symbolum
1125 1013 1239 1038 seruo
1267 1006 1348 1047 tuo,
1378 994 1380 997 ”

89 1061 207 1104 95Ἐῐί
234 1063 404 1114 imagine
434 1063 682 1114 obsignatam
711 1065 931 1114 epistulam,
961 1064 1026 1104 hic
1053 1056 1144 1102 ante
1173 1062 1327 1102 ostium.

139 1130 214 1166 Ba.
276 1130 373 1168 Meo
401 1136 444 1168 tu
473 1129 682 1179 epistulam
710 1129 855 1168 dedisti
884 1131 1026 1168 seruo?
1064 1127 1158 1178 quoi
1186 1129 1329 1166 seruo?
1385 1129 1467 1166 HA.

245 1194 352 1243 Syro.
1368 1204 1467 1241 1205

139 1259 210 1294 ΒΑ.
269 1259 364 1296 Non
402 1258 566 1296 confidit
578 1271 590 1305 3
638 1258 881 1308 sycophanta
918 1257 983 1294 hic
1019 1269 1190 1306 nequam
1228 1263 1287 1294 est
1299 1270 1310 1304 3
1358 1256 1469 1306 nugis

244 1321 454 1359 meditatur
481 1322 595 1360 male.

139 1386 295 1435 Edepol
322 1385 525 1428 hominem
553 1386 812 1424 uerberonem
843 1386 1096 1432 Pseudolum,
1117 1392 1159 1423 ut
1186 1385 1304 1423 docte
1332 1385 1468 1423 dolum

139 1451 425 1489 Conmentust:
464 1451 697 1488 tantundem
726 1450 888 1500 argenti,
919 1457 1109 1499 quantum
1140 1449 1253 1487 miles
1282 1448 1428 1495 debuit,

13 1508 14 1548 Ϊ
74 1535 122 1552 100
139 1514 262 1553 Dedit
294 1514 386 1553 huic
417 1522 536 1564 atque
569 1514 771 1553 hominem
805 1514 1018 1561 exornauit,
1053 1514 1257 1553 mulierem
1295 1513 1363 1563 qui
1400 1516 1467 1552 ab-
1493 1501 1498 1508 ’

245 1579 417 1619 duceret.

141 1645 245 1681 Nam
282 1642 386 1681 illam
426 1643 636 1694 epistulam
674 1644 782 1694 ipsus
824 1656 940 1682 uerus
984 1645 1148 1693 Harpax
1191 1644 1269 1681 hue
1311 1644 1361 1681 ad
1405 1656 1469 1681 me

245 1708 394 1746 adtulit.
1367 1721 1468 1745 1210

141 1773 223 1810 HA.
282 1774 447 1822 Harpax
474 1785 547 1822 ego
576 1785 698 1811 uocor
711 1785 723 1819 3
756 1785 830 1822 ego
859 1785 993 1811 seruos
1022 1785 1107 1810 sum
1137 1771 1373 1810 Macedonis
1402 1772 1470 1809 mi-

245 1836 333 1874 litis.

141 1900 226 1949 Ego
253 1912 328 1938 nec
356 1899 658 1950 sycophantiose
687 1899 903 1950 quidquam
932 1913 1007 1950 ago
1037 1913 1110 1938 nec
1139 1901 1329 1945 malefice,

140 1964 283 2013 Neque
311 1964 428 2002 istum
458 1965 697 2003 Pseudolum
727 1964 899 2003 mortalis
928 1966 994 2013 qui
1023 1965 1072 2003 sit
1100 1964 1194 2003 noui
1219 1978 1348 2014 neque
1374 1965 1466 2004 scio.

74 2044 121 2069 105
139 2023 212 2065 S1.⁴
249 2029 323 2073 Tu,
354 2027 428 2066 nisi
457 2028 598 2066 mirum
626 2036 697 2075 est,
728 2030 830 2075 leno,
862 2030 980 2079 plane
1008 2028 1211 2079 perdidisti
1239 2029 1454 2068 mulierem.

141 2094 212 2130 ΒΑ.
269 2094 425 2143 Edepol
450 2107 500 2132 ne
527 2094 627 2133 istuc
655 2093 777 2143 magis
803 2095 1005 2143 magisque
1033 2101 1179 2142 metuo,
1200 2107 1321 2143 quom
1348 2096 1469 2132 uerba

247 2158 377 2196 audio.
1367 2170 1464 2208 1215

143 2220 243 2259 Mihi
282 2235 440 2273 quoque
471 2224 614 2273 edepol
652 2223 727 2261 iam
761 2224 912 2262 dudum
947 2222 1009 2262 ille
1043 2224 1157 2273 Syrus
1191 2236 1258 2263 cor
1290 2223 1468 2274 perfrige-

247 2286 350 2333 facit,
