1747 2620
144 124 159 160 1
185 133 219 171 5,
246 120 468 174 123—154]
624 124 990 163 PSEUDOLUS.
1427 135 1473 172 27

143 227 273 266 Dabin
302 227 397 265 mihi
426 236 641 278 argentum,
672 229 780 278 quod
810 228 901 267 dem
931 228 1074 274 lenoni,
1106 227 1195 266 ilico

140 293 226 329 Tua
254 293 487 330 uoluntate?
561 294 635 331 CA.
694 294 760 330 Ius
787 292 935 331 bonum
965 299 1049 330 orat
1081 292 1310 330 Pseudolus,

74 367 119 392 ¹25
142 359 149 374 ‘
166 356 283 393 Dabo
297 355 305 371 '
318 355 447 405 inque.
508 357 559 394 Si.
591 358 643 394 At
657 356 761 394 enim
776 356 858 394 scin
872 356 966 405 quid
982 356 1076 397 mihi
1093 355 1132 392 in
1148 363 1321 393 mentem
1338 354 1473 393 uenit?

139 419 246 468 Quid
276 419 307 458 si
336 419 442 458 hisce
473 420 572 459 inter
600 433 641 458 se
671 428 967 466 consenserunt,
999 419 1193 469 Callipho,
1397 430 1472 468 540

139 487 220 524 Aut
248 487 298 524 de
327 494 522 535 conpecto
552 485 699 523 faciunt
728 484 902 524 consutis
933 485 1044 530 dolis,

139 548 218 597 Qui
247 562 309 587 me
339 558 499 599 argento
528 549 814 587 interuortant?
887 550 950 586 Ps.
1012 547 1110 596 Quis
1139 561 1203 586 me
1232 547 1415 586 audacior

137 612 204 661 Sit,
235 613 267 652 si
295 614 395 652 istuc
424 614 575 652 facinus
603 615 801 653 audeam?
858 615 990 652 Immo
1020 613 1085 660 sic,
1118 612 1252 651 Simo:

72 693 120 717 130
137 678 175 717 Si
205 692 338 717 sumus
367 679 549 728 conpecti
579 692 648 717 seu
677 678 886 717 consilium
915 691 1103 728 umquam
1133 677 1304 724 iniimus,

139 743 201 781 De
222 742 318 781 istac
337 756 377 781 re
397 751 463 782 aut
485 744 514 781 si
537 744 586 781 de
608 756 654 782 ea
674 756 714 782 re
734 756 920 792 umquam
943 743 1043 780 inter
1061 754 1134 780 nos
1155 741 1449 789 conueniamus,

138 806 259 855 Quasi
288 807 328 844 in
357 807 456 845 libro
485 821 604 857 quom
635 807 856 845 scribuntur
884 808 1036 845 calamo
1066 806 1227 852 litterae,
1395 809 1469 856 546

137 870 240 909 Stilis
269 883 332 910 me
361 879 487 909 totum
519 885 642 921 usque
671 872 811 910 ulmeis
840 872 1088 911 conscribito.

136 936 190 973 S1.
248 935 386 975 Indice
416 937 531 974 ludos
560 950 665 974 nune
693 936 782 982 iam,
814 937 975 986 quando
1005 937 1125 974 lubet.

69 1012 116 1036 ¹35
136 1001 200 1037 Ps.
259 1000 322 1037 Da
350 999 389 1037 in
418 1001 524 1038 hunc
552 1001 656 1039 diem
686 1014 858 1051 operam,
890 1000 1086 1050 Callipho,
1115 1013 1262 1050 quaeso
1292 999 1398 1046 mihi,

116 1053 199 1102 qu
228 1076 307 1113 quo
337 1072 374 1102 te
404 1065 454 1103 ad
484 1064 590 1103 aliud
619 1078 789 1114 occupes
819 1065 1029 1114 negotium.
1395 1075 1470 1114 550

136 1130 208 1168 CA.
268 1129 374 1177 Quin
403 1142 465 1166 rus
494 1136 536 1167 ut
564 1129 660 1168 irem
690 1129 767 1167 iam
797 1130 878 1168 heri
908 1142 1056 1166 mecum
1085 1135 1306 1167 statueram.

138 1193 200 1230 ΡΞ.
257 1195 311 1231 At
339 1207 445 1231 nunc
474 1194 650 1232 disturba
678 1207 775 1243 quas
806 1193 973 1232 statuisti
1003 1193 1216 1232 machinas.

136 1259 208 1297 CA.
267 1260 384 1296 Nunc
414 1272 495 1297 non
525 1260 631 1297 abire
660 1266 809 1297 certum
839 1266 897 1298 est
926 1258 1024 1297 istac
1051 1258 1198 1308 gratia,
1250 1286 1258 1301 ,

68 1338 116 1361 140
136 1323 293 1362 Lubido
322 1331 380 1363 est
409 1325 524 1363 ludos
553 1332 642 1363 tuos
673 1331 859 1374 spectare,
892 1324 1097 1362 Pseudole.
1473 1365 1475 1367 ,

135 1389 186 1426 Et
215 1386 247 1426 si
273 1389 380 1426 hunc
409 1389 557 1427 uidebo
586 1402 667 1427 non
698 1389 791 1427 dare
820 1395 1022 1438 argentum
1052 1387 1120 1426 tibi
1394 1400 1467 1437 555

135 1453 256 1501 Quod
284 1452 390 1500 dixit,
421 1454 552 1503 potius
581 1467 700 1504 quam
728 1453 769 1492 id
799 1466 879 1491 non
908 1455 974 1491 fiat
1004 1466 1076 1502 ego
1106 1453 1220 1491 dabo.

135 1518 188 1555 Si.
246 1518 340 1556 Non
370 1518 594 1557 demutabo.
661 1520 723 1557 Ps.
775 1519 959 1567 Namque
990 1518 1144 1567 edepol,
1176 1517 1207 1555 si
1238 1530 1317 1555 non
1347 1517 1468 1564 dabis,

134 1582 317 1620 Clamore
345 1595 490 1632 magno
520 1590 558 1622 et
588 1584 712 1621 rrulto
741 1583 977 1633 flagitabere.

67 1662 114 1685 145
134 1645 249 1696 Agite
277 1646 496 1686 amolimini
523 1648 616 1686 hinc
644 1660 717 1685 uos
745 1647 847 1686 intro
877 1660 983 1684 nunc
1012 1646 1086 1684 iam

133 1712 193 1748 Ac
221 1710 319 1748 meis
348 1710 520 1750 uicissim
549 1712 638 1750 date
667 1712 799 1749 locum
827 1710 999 1749 fallaciis.
1395 1714 1470 1761 560

134 1776 207 1815 CA.
268 1775 377 1824 Fiat5
416 1784 570 1825 geratur
598 1789 683 1815 mos
712 1775 791 1815 tibi.
867 1777 934 1814 Ps.
993 1776 1070 1814 Sed
1100 1783 1138 1815 te
1168 1778 1260 1815 uolo

134 1839 256 1878 Domi
285 1853 409 1889 usque
438 1841 585 1878 adesse.
663 1841 733 1879 CA.
795 1839 900 1889 Quin
931 1839 1000 1878 tibi
1029 1842 1131 1878 hanc
1160 1853 1319 1890 operam
1349 1841 1449 1880 dico.

134 1904 186 1941 S1.
236 1905 290 1942 At
327 1916 401 1953 ego
440 1904 490 1942 ad
529 1904 656 1941 forum
694 1903 786 1951 ibo,
824 1903 900 1941 iam
932 1903 996 1942 hie
1030 1917 1104 1943 ero.
1163 1906 1236 1944 CA.
1283 1906 1469 1943 Actutum

239 1967 330 2006 redi.

68 2044 115 2067 150
135 2033 195 2070 Ps.
228 2032 433 2082 ‘Suspicio
462 2039 520 2071 est
549 2031 644 2070 mihi
673 2046 779 2071 nunc
809 2046 880 2072 uos
910 2033 1151 2084 suspicarier,

135 2097 204 2134 Me
232 2095 377 2135 idcirco
406 2097 504 2135 haec
532 2104 639 2136 tanta
667 2097 840 2135 facinora
867 2099 928 2136 lzz's
954 2098 1191 2147 promittere,
1394 2100 1466 2149 565

135 2162 226 2209 Quo
253 2174 325 2200 uos
354 2162 563 2209 oblectem,
594 2163 696 2200 hanc
723 2163 897 2200 fabulam
926 2164 1022 2202 dum
1052 2163 1273 2213 transigam,

133 2226 276 2274 Neque
305 2227 377 2263 sim
407 2227 578 2265 facturus
607 2228 712 2276 quod
742 2227 933 2265 facturum
963 2227 1144 2265 dixeram.

135 2290 227 2327 Non
255 2289 481 2337 demutabo,
512 2297 629 2340 atque
659 2291 776 2330 etiam
805 2298 952 2330 certum
983 2292 1088 2341 quod
1119 2291 1249 2330 sciam.
