1747 2620
152 143 210 180 IV
231 155 273 189 4r
289 143 405 189 8-6,
431 141 496 195 10]
629 145 740 183 PSE
751 145 908 183 UDOL
920 146 996 184 US.
1430 157 1474 195 51

152 246 251 285 Mihi
281 259 347 285 cor
375 254 610 286 retunsumst
639 249 910 298 oppugnando
938 255 1109 298 pectore.

150 313 202 350 Si.
262 311 524 350 Occasionem
554 313 765 363 repperisti,
798 315 975 359 uerbero,

26 373 31 376 ”
99 397 132 414 ιο
149 374 232 414 Ubi
259 372 497 424 perconteris
527 390 601 433 rne,
633 376 782 415 insidiis
813 377 1031 415 hostilibus.

148 440 256 488 Quin
284 439 376 478 hinc
404 453 581 479 ineamus
609 442 792 494 grad-ibus
823 441 1042 479 militariis?

148 506 212 544 Ps.
270 506 401 553 Atque
440 506 584 555 edepol
621 519 861 555 quamquam
901 518 1069 554 nequam
1115 506 1236 545 homo
1281 519 1334 553 es,
1374 516 1478 546 recte

255 581 406 607 mones.
1377 581 1477 622 1030

149 634 210 672 Ite
238 633 312 671 hac
341 633 525 683 triumphi
553 634 605 672 ad
635 635 864 673 cantharum
894 643 999 674 recta
1026 635 1100 675 uia.

640 794 807 832 BALLro.
865 794 982 833 SIMO.

11 918 13 938 3
47 900 131 931 1V5
148 893 215 929 ΒΑ.
276 890 459 939 Hahahe‚
488 903 595 928 nunc
621 890 717 929 mihi
744 891 905 930 demum
931 891 1086 931 animus
1112 892 1153 931 in
1179 900 1265 932 tuto
1290 894 1381 932 loco
1406 902 1476 940 est,

6 946 8 954 '
147 958 362 1005 Postquam
392 955 464 994 iste
492 955 585 994 hinc
613 956 710 994 abiit
739 964 859 1006 atque
888 957 1050 996 abduxit
1079 957 1293 997 mulierem.

128 1020 246 1060 Lube
275 1033 381 1058 nunc
411 1019 546 1059 uenire
575 1021 826 1065 Pseudolum,
857 1023 1047 1060 scelerum
1077 1029 1205 1072 caput,

147 1086 199 1124 Et
227 1086 422 1124 abducere
450 1098 474 1123 a
502 1098 565 1123 me
595 1085 794 1124 mulierem
825 1085 996 1125 fallaciis.
1378 1098 1476 1136 1055

114 1173 129 1197 5
147 1150 361 1200 conceptis
389 1151 520 1188 hercle
547 1150 676 1188 uerbis
707 1150 800 1188 satis
829 1158 937 1189 certo
966 1152 1050 1194 scio

147 1217 232 1265 Ego
262 1215 457 1264 periurare
486 1227 549 1253 me
578 1216 787 1253 mauellem
816 1214 969 1253 miliens

146 1280 279 1328 Quam
308 1279 403 1316 mihi
433 1279 540 1316 illum
569 1279 688 1316 uerba
716 1291 787 1328 per
815 1278 1073 1327 deridiculum
1103 1279 1206 1317 dare.

146 1344 264 1382 Nunc
292 1343 483 1382 deridebo
512 1343 642 1381 hercle
670 1342 884 1390 hominem,
915 1342 948 1381 si
976 1355 1227 1392 conuenero3

146 1409 297 1448 Uerum
325 1407 367 1446 in
395 1406 560 1457 pistrino
589 1407 726 1453 credoL
749 1414 792 1445 ut
820 1404 1018 1454 conuenit,
1036 1408 1141 1446 afore.
1377 1411 1476 1446 1060

99 1493 130 1510 ιο
147 1474 265 1511 Nunc
293 1484 367 1522 ego
397 1460 598 1510 Simonem
627 1470 723 1508 mihi
752 1471 806 1510 ob
834 1472 940 1508 uiam
968 1470 1100 1518 ueniat
1129 1471 1260 1519 uelim,

5 1584 7 1588 V
147 1538 204 1576 Ut
232 1549 322 1575 mea
349 1535 496 1574 laetitia
522 1537 646 1574 laetus
674 1535 910 1584 promiscam
939 1535 1022 1573 siet.

5 1622 6 1625 ¹
44 1604 96 1641 'IV
113 1613 132 1641 6
149 1603 202 1641 SI.
261 1601 362 1640 Uiso
389 1601 486 1651 quid
513 1614 640 1639 rerum
669 1614 780 1639 meus
810 1601 947 1640 Ulixes
976 1600 1108 1651 egerit,

3 1652 6 1676 ἶ
149 1669 288 1705 Iamne
314 1668 460 1705 habeat
489 1667 644 1715 signum
674 1679 722 1704 ex
749 1679 837 1704 arce
867 1665 1071 1704 Ballionia.

147 1733 216 1770 BA.
275 1732 312 1770 Ο
340 1731 547 1777 fortunate,
578 1731 815 1770 fortunatam
844 1731 946 1769 cedo
974 1743 1147 1769 manum.
1375 1737 1474 1782 1065

146 1796 200 1835 S1.
250 1794 358 1844 Quid
386 1795 474 1833 est?
530 1796 599 1832 ΒΑ.
649 1795 785 1832 Iam...
846 1795 900 1833 S1.
946 1794 1054 1842 Quid
1083 1794 1193 1832 iam?
1248 1796 1317 1833 ΒΑ.
1368 1796 1477 1835 Nihil

253 1866 313 1898 est
341 1859 449 1908 quod
477 1865 640 1896 metuas.
717 1858 770 1896 Sl.
830 1857 937 1906 Quid
966 1859 1055 1896 est?

115 1923 321 1962 sUenitne
350 1923 472 1960 homo
501 1920 551 1959 ad
580 1922 649 1959 te?
689 1923 691 1925 ’
718 1922 789 1960 BA.
850 1922 955 1959 Non.
1027 1922 1080 1960 Sr.
1140 1921 1247 1970 Quid
1276 1929 1335 1961 est
1363 1923 1476 1973 igitur

252 1988 378 2026 boni?

147 2043 217 2090 BA.
277 2051 413 2089 Minae
442 2049 581 2100 uiginti
611 2062 728 2088 sanae
759 2057 797 2088 et
825 2051 957 2089 saluae
986 2058 1077 2089 sunt
1105 2050 1186 2100 tibi,

148 2115 283 2153 Hodie
312 2127 409 2164 quas
437 2116 506 2152 abs
536 2120 575 2152 te
603 2121 660 2152 est
690 2113 938 2163 instipulatus
969 2116 1197 2153 Pseudolus.

147 2180 199 2217 S1.
256 2178 390 2218 Uelim
419 2177 578 2227 quidem
608 2178 748 2216 hercle.
817 2180 886 2217 ΒΑ.
937 2180 1051 2232 Roga
1079 2192 1142 2217 me
1170 2179 1307 2230 uiginti
1336 2184 1473 2229 minas,

147 2243 187 2282 Si
215 2242 292 2281 illic
319 2242 439 2281 hodie
467 2242 533 2280 illa
561 2242 610 2281 sit
638 2243 785 2292 potitus
814 2237 976 2281 muliere
1375 2248 1470 2296 1'071

99 2324 131 2341 10
149 2309 238 2348 Siue
269 2321 356 2347 eam
385 2315 452 2346 tuo
480 2315 599 2358 gnato
627 2308 758 2356 hodie,
789 2316 830 2347 ut
859 2307 1048 2358 promisit,
1079 2307 1198 2348 dabit.
