1747 2620
271 127 287 153 1
297 117 344 164 38
747 120 860 158 PSE
867 121 1026 159 (ωσι
1035 122 1112 161 [ss.

266 217 332 247 BC
428 223 599 260 occeptum
615 219 710 260 stagi.
727 230 814 251 nunc
829 221 909 263 quid
926 222 991 253 BC
1086 233 1147 264 925
1167 223 1229 256 PS.
1245 235 1307 256 om.
1324 226 1357 257 B
1450 235 1513 269 927
1530 227 1585 260 SI.

266 281 328 301 om.
349 271 385 308 C,
404 271 441 302 P.
456 273 491 303 B
548 275 610 313 928
627 273 706 304 atiet
771 274 849 316 quia
869 276 897 306 C
957 285 1015 317 931
1035 275 1071 308 Si
1087 277 1151 307 BC
1223 287 1284 319 933
1301 279 1370 320 ipse
1385 280 1450 312 BC
1511 292 1586 313 eum

266 335 335 356 esse
352 325 418 357 BC
502 336 565 367 934
582 332 637 358 aut
653 333 755 359 tumet
842 329 922 369 quid
937 329 1004 361 BC
1088 329 1151 371 936
1167 330 1222 363 SI.
1237 342 1300 362 om.
1387 334 1472 365 dolis
1487 340 1586 376 atque

265 387 326 408 om.
350 378 379 409 C
463 388 523 420 937
541 390 602 409 om.
619 380 685 410 BC
769 381 832 422 938
849 381 908 414 PS.
926 392 987 413 om.
1011 383 1040 414 C
1134 393 1197 425 939
1214 384 1292 415 satis
1386 387 1541 418 condedit
1559 387 1589 418 C

373 440 437 473 940
452 433 497 463 At
514 433 589 463 uide
605 443 646 464 ne
662 433 782 464 titubes
798 445 836 464 ex
851 444 912 475 947
929 436 1061 466 adscita.
1185 447 1245 479 941
1267 437 1330 469 PS.
1346 449 1409 469 om.
1539 441 1585 472 dii

265 485 420 516 mortales
435 485 468 516 B
554 486 648 517 diunt
728 496 789 527 94²
807 493 855 519 est
943 498 1004 530 943
1022 495 1090 520 tum
1111 490 1140 521 C
1222 501 1285 532 944
1301 491 1449 532 quantibi
1464 493 1497 524 Β

264 550 448 570 accurasses
464 540 496 570 B
561 549 622 581 945
640 540 865 571 immemoram
880 542 913 572 Β
989 553 1114 574 memor
1184 552 1245 584 947
1265 545 1389 576 Probus
1404 545 1457 577 hie
1472 551 1519 578 est

273 594 390 625 Versuz'
403 594 559 625 additur:
583 594 644 626 PS.
663 594 710 625 At
726 595 801 625 uide
817 605 858 625 ne
874 595 1005 626 titubes.
1051 596 1086 627 S.
1105 596 1201 627 Potin
1217 603 1252 628 ut
1269 603 1375 629 taceas
1392 598 1464 639 (ubi
1475 600 1529 631 Ad
1551 601 1583 631 A

328 648 392 678 ude
409 648 450 683 B,
464 648 541 678 tude
560 648 588 679 C
657 648 727 688 poti
745 658 823 678 num
838 648 915 687 BC)
990 650 1052 691 948
1068 649 1114 681 dii
1130 656 1274 682 amment
1289 652 1321 682 Β
1404 652 1521 685 fundes

264 710 327 744 949
343 701 472 731 simiam
559 701 756 741 magnifacio
772 702 805 732 Β
884 710 944 742 951
963 706 995 733 te
1010 702 1110 734 hodie
1129 704 1158 734 C
1235 704 1401 745 accipeam
1416 706 1450 737 B
1520 716 1582 749 952

263 755 438 795 unguentis
583 764 621 796 95
629 765 645 794 3
662 755 766 796 aperit
781 755 897 786 mulier
913 755 1022 796 lepida
1037 756 1097 787 tibi
1112 757 1202 788 sauia
1218 767 1314 798 super
1329 758 1447 800 uiaque

265 809 360 840 decet
380 809 408 840 C
492 816 554 850 954
571 809 691 849 accipis
779 809 861 840 effici
877 810 919 848 B,
940 809 1040 841 efficis
1059 810 1087 841 C
1150 820 1210 851 955
1227 812 1369 843 carnifex
1382 824 1434 845 me
1520 814 1584 856 956

263 863 304 894 sit
320 862 383 893 sito
399 862 543 892 stenonis
558 862 600 899 Β,
620 862 660 893 sit
676 862 842 893 ostenonis
861 863 889 893 C
985 872 1046 905 957
1064 863 1125 895 PS.
1145 874 1206 893 om.
1222 865 1255 895 B
1341 866 1368 896 si
1383 872 1454 899 tace
1473 867 1502 899 C

266 916 327 948 PS.
348 926 409 947 om.
426 916 459 946 B
582 917 644 957 958
662 916 704 955 Q.
721 916 800 957 quid
817 916 892 948 iam.
913 916 947 948 S.
964 917 996 948 Β
1052 914 1054 917 ’
1119 927 1181 960 959
1198 918 1286 959 ipsus
1301 929 1362 950 om.
1500 932 1583 954 mer-

264 971 324 1002 cist
342 971 378 1001 P.
501 968 564 1011 960
580 970 612 1000 N
617 981 659 1001 on
675 981 804 1011 prorsus
821 981 933 1002 uerum
950 981 989 1002 ex
1004 976 1188 1002 transuerso

330 1024 515 1056 BALLEO
536 1025 563 1055 C
692 1024 815 1055 IDEM
925 1024 985 1067 962
1003 1025 1148 1056 crathum
1166 1031 1198 1056 et
1213 1030 1245 1057 et
1261 1026 1294 1057 B
1410 1026 1474 1070 964
1489 1029 1583 1061 dolos

264 1090 326 1120 ego
342 1085 374 1110 et
390 1079 432 1118 B,
451 1079 547 1109 dolos
563 1083 594 1109 et
610 1088 671 1119 ego
687 1084 720 1110 et
746 1079 774 1110 C
888 1079 949 1120 965
972 1084 1067 1120 porta
1088 1080 1130 1110 ad
1151 1091 1345 1121 proxumum
1364 1082 1396 1112 A
1520 1083 1584 1126 966

264 1133 402 1164 iusseras
514 1132 574 1175 967
591 1143 657 1174 quo
673 1138 742 1164 tum
759 1133 817 1165 has
838 1133 866 1165 C
964 1133 1088 1164 incerto
1104 1134 1169 1165 BC
1268 1144 1331 1176 970
1347 1135 1400 1167 SI.
1419 1146 1480 1168 om.

265 1187 380 1218 faciem
396 1187 430 1218 B
515 1193 594 1228 quot
611 1197 691 1228 quer
706 1187 738 1218 B
825 1196 885 1227 971
905 1187 975 1218 BA.
996 1198 1057 1219 om.
1163 1198 1236 1219 mea
1251 1189 1375 1220 directa
1394 1190 1423 1220 C
1520 1198 1581 1232 972

264 1241 483 1282 hirquinastas
497 1241 600 1271 barba
691 1250 752 1282 973
771 1240 823 1272 SI.
844 1251 905 1272 om.
1006 1251 1069 1283 974
1085 1241 1157 1272 BA.
1173 1253 1235 1273 om.
1257 1242 1285 1273 C
1381 1242 1415 1274 S.
1432 1243 1498 1274 iam

264 1296 360 1337 probi
447 1305 508 1336 975
526 1295 580 1328 SI.
597 1306 656 1327 om.
682 1296 710 1326 C
786 1296 849 1326 hoc
864 1306 926 1326 om.
943 1296 976 1326 B
1053 1296 1198 1327 nonuisti
1212 1297 1255 1334 B,
1274 1307 1340 1327 non
1355 1297 1466 1328 uidisti
1485 1297 1514 1329 C

265 1360 325 1392 977
343 1350 489 1391 quisquis
611 1350 680 1391 ipse
696 1351 823 1394 esseA,
840 1349 913 1390 ipsu
929 1360 998 1381 sese
1014 1350 1079 1381 BC
1198 1351 1260 1393 978
1279 1351 1338 1382 PS.
1359 1361 1420 1381 om.
1437 1352 1470 1382 B

264 1416 327 1448 979
345 1406 552 1446 Legorupam
568 1404 601 1435 B
729 1404 867 1445 impium
887 1404 929 1443 B,
953 1404 1090 1446 implum
1115 1405 1144 1437 C
1284 1405 1445 1446 peiiurum
1460 1406 1504 1444 A,
1527 1416 1582 1448 pe·

264 1459 370 1490 iurum
385 1459 418 1489 B
512 1457 698 1499 improbum
714 1458 779 1489 BC
879 1458 916 1488 P.
933 1468 986 1489 me
1007 1458 1035 1489 C
1133 1459 1196 1501 980
1211 1469 1284 1489 mea
1298 1469 1358 1489 om.
1464 1469 1582 1500 cogna-

264 1520 375 1545 menta
390 1514 423 1544 B
509 1513 568 1554 981
587 1511 754 1552 scibinego
841 1513 902 1552 982
921 1512 1017 1542 istum
1033 1512 1106 1549 BC,
1125 1522 1195 1543 sum
1211 1513 1242 1542 A
1328 1511 1490 1552 quaeritas
1505 1519 1583 1544 tune

264 1566 329 1596 BC
399 1565 461 1606 983
478 1569 525 1595 est
543 1563 686 1604 persoror
701 1563 767 1594 BC
835 1568 984 1603 paretum
1005 1563 1032 1593 C
1103 1565 1163 1604 985
1182 1563 1236 1594 SI.
1249 1574 1311 1594 om.
1332 1564 1359 1594 C
1438 1563 1536 1595 Serus
1551 1565 1584 1595 B

264 1621 367 1651 multa
383 1620 415 1650 Β
500 1619 562 1660 987
581 1618 651 1648 ΒΑ.
668 1628 730 1648 om.
832 1617 932 1648 homo
948 1617 1003 1658 qui
1019 1617 1109 1648 iussit
1127 1618 1168 1653 B,
1185 1617 1316 1648 homost
1331 1617 1403 1659 quis
1419 1618 1460 1648 sit
1479 1618 1507 1649 C

266 1675 320 1707 SI.
337 1673 434 1715 periit
533 1677 604 1703 tuto
699 1672 761 1713 988
778 1677 941 1702 auttumas
960 1672 988 1702 C
1088 1673 1150 1713 989
1167 1671 1248 1703 eiius
1263 1673 1293 1702 A
1393 1681 1452 1714 991
1471 1676 1503 1703 et
1518 1682 1581 1703 om.

264 1730 330 1762 BC
413 1727 479 1759 0110
494 1727 559 1758 BC
640 1726 994 1767 polymaceroplacides
1081 1736 1142 1768 992
1160 1731 1267 1757 mutus
1283 1726 1348 1757 BC
1432 1726 1582 1758 Poluma-

264 1781 482 1824 caeroplacidi
498 1782 542 1819 A,
562 1780 599 1810 P.
615 1779 969 1821 polymaceroplacides
989 1779 1032 1815 B,
1058 1779 1087 1810 C
1101 1780 1150 1817 (in
1166 1790 1227 1820 quo
1235 1784 1299 1820 pro
1315 1780 1352 1810 P.
1367 1780 1508 1821 spatium
1524 1781 1580 1819 est)

329 1846 391 1878 993
411 1834 470 1867 tibi
486 1845 539 1866 me
554 1840 641 1866 recte
656 1834 688 1865 B
693 1834 721 1864 C
784 1843 846 1875 994
862 1833 1224 1874 polymacheroplacide
1289 1844 1330 1865 ne
1346 1834 1472 1865 locutus
1486 1835 1520 1866 B

265 1901 326 1933 995
344 1890 409 1922 Sed
425 1888 504 1930 quid
521 1889 586 1919 BC
665 1886 728 1930 996
743 1887 898 1929 pelligere
917 1888 945 1918 C
1028 1887 1179 1928 negotius
1194 1888 1227 1918 Β
1313 1897 1372 1929 997
1393 1887 1473 1919 mihi
1488 1887 1581 1919 emit-

265 1951 333 1975 tere
437 1952 518 1974 1000
536 1942 590 1973 SI.
606 1952 666 1972 om.
686 1942 719 1972 B
819 1941 993 1982 epistulam
1009 1951 1086 1982 ergo
1191 1952 1267 1973 1001
1287 1941 1457 1982 epistulam
1473 1952 1532 1972 om.
1557 1942 1585 1973 C

353 2007 433 2037 1003
452 1997 635 2037 Imaginem
736 2005 816 2034 1004
833 1996 1007 2026 simbolum
1025 2001 1072 2027 est
1175 2005 1317 2036 1004—5
1332 1996 1457 2027 inverso
1472 1996 1583 2027 ordine

265 2052 295 2083 A
389 2059 467 2090 1007
484 2050 588 2081 baltio
680 2058 760 2080 1010
776 2059 909 2090 operam
926 2049 990 2080 BC
1084 2057 1161 2080 1011
1184 2048 1250 2088 Qui
1265 2049 1299 2081 B
1387 2059 1467 2080 1012
1484 2049 1581 2080 calla-

265 2112 317 2137 101
335 2105 363 2136 C
486 2114 565 2143 1013
582 2103 693 2134 Tunes
709 2103 832 2144 saphax
849 2103 891 2138 B,
908 2108 985 2133 tune
1001 2113 1034 2133 es
1046 2102 1170 2143 saphax
1190 2103 1217 2133 C
1324 2102 1394 2132 BA.
1411 2113 1471 2133 om.

269 2168 350 2198 1014
371 2157 409 2189 B.
431 2156 584 2198 praefigit
607 2157 635 2188 C
773 2166 852 2193 1014
873 2166 916 2197 sq.
942 2156 1079 2196 accipiet
1101 2155 1176 2195 Quo
1192 2165 1265 2186 meo
1282 2155 1325 2190 B,
1342 2155 1479 2196 accipiet
1497 2155 1583 2186 Cum

266 2223 306 2244 eo
326 2212 354 2243 C
442 2220 521 2250 1015
539 2210 626 2240 simit
642 2210 685 2247 B,
703 2209 798 2240 simul
818 2209 846 2240 C
923 2209 1024 2240 multe
1040 2209 1152 2240 remB
1240 2210 1319 2240 1018
1337 2208 1390 2240 SI.
1406 2219 1467 2239 om.
1486 2209 1520 2240 B

270 2275 351 2306 10¹9
370 2264 423 2295 SI.
442 2274 503 2294 om.
521 2263 553 2294 B
640 2273 716 2303 rego

331 2315 612 2349 PSEUDOLUS
626 2326 687 2346 om.
778 2324 855 2346 1021
874 2314 993 2346 similia
1004 2314 1038 2346 B
1127 2323 1206 2354 1023
1223 2323 1368 2355 ergasme
1380 2314 1413 2345 B
1502 2322 1580 2356 1025
