1747 2620
823 522 1032 600 ACTUS
1076 557 1150 599 IV.

504 743 750 781 Psmmoms
780 743 951 781 SERUos.
1009 744 1131 781 SIMIA
1161 743 1446 782 SYCOPHANTA.

208 854 294 885 IV1
314 852 376 889 ΡΞ.
435 850 494 890 ¹Si
531 864 718 900 umquam
749 864 988 901 quemquam
1020 851 1060 890 di
1098 851 1323 891 inmortales
1361 853 1520 891 uoluere
1550 863 1635 890 esse

419 914 559 953 auxilio
587 915 776 960 adiutum,

312 981 416 1017 Tum
450 992 513 1018 me
547 987 585 1017 et
617 979 844 1018 Calidorum
876 987 1071 1018 seruatum
1103 981 1240 1018 uolunt
1270 992 1356 1018 esse
1386 987 1424 1018 et
1451 981 1635 1018 lenonem

418 1042 663 1089 exstinctum,

313 1107 446 1156 Quom
471 1114 509 1145 te
535 1108 754 1146 adiutorem
779 1115 997 1157 genuerunt
1022 1106 1117 1145 mihi
1141 1114 1221 1145 tam
1247 1108 1407 1146 doctum
1436 1105 1636 1145 hominem

416 1179 534 1219 atque
563 1179 743 1208 astutum.
1561 1183 1637 1220 910

311 1235 388 1273 Sed
425 1235 491 1273 ubi
528 1235 606 1273 illic
644 1237 731 1273 est?
769 1248 907 1274 sumne
945 1248 1017 1286 ego
1055 1237 1176 1274 homo
1214 1233 1411 1285 insipiens,
1441 1233 1507 1285 qui
1540 1235 1638 1274 haec

417 1312 572 1337 meeum
602 1307 757 1349 egomet
786 1300 922 1349 loquar
951 1302 1084 1339 solus?
1462 1304 1465 1305 ⁷
1608 1291 1612 1296 Δ

278 1376 292 1399 5
312 1363 433 1402 Dedit
460 1366 580 1402 uerba
609 1365 703 1402 mihi
732 1365 869 1411 hercle,
901 1373 944 1404 ut
973 1365 1137 1416 opinor3

312 1429 441 1467 Malus
471 1442 560 1466 cum
589 1430 693 1467 malo
723 1430 838 1468 stulte
867 1429 964 1468 caui.

309 1495 412 1531 Tum
442 1495 509 1543 pol
538 1506 611 1543 ego
644 1493 782 1539 interii,
813 1495 933 1533 homo
967 1493 997 1532 si
1031 1493 1096 1533 ille
1127 1492 1234 1540 abiit,
1266 1505 1394 1542 neque
1427 1494 1503 1531 hoc
1536 1504 1637 1542 opus

417 1559 526 1608 quod
554 1558 662 1597 uolui
691 1558 810 1597 hodie
840 1557 1026 1596 ecficiam.

310 1622 389 1660 Sed
418 1622 596 1660 eccillum
624 1621 742 1660 uideo
770 1623 997 1660 uerbeream
1026 1628 1205 1667 statuam,
1227 1628 1268 1658 ut
1298 1619 1337 1666 it,
1361 1627 1403 1658 ut
1432 1618 1639 1669 magnifice

417 1686 530 1724 infert
559 1699 655 1724 sese.
1327 1688 1330 1689 ⁷
1562 1695 1636 1733 915

311 1753 430 1798 Hem,
467 1759 504 1788 te
543 1750 672 1789 hercle
710 1763 782 1799 ego
821 1750 1220 1800 circumspectabam3
1257 1748 1374 1787 nimis
1413 1750 1638 1787 metuebam

417 1815 517 1853 male
547 1827 597 1853 ne
625 1814 782 1853 abisses.

262 1897 293 1914 10
311 1881 364 1919 SI.
421 1879 509 1918 Fuit
539 1893 669 1918 meum
702 1880 871 1918 officium
903 1887 944 1917 ut
975 1880 1155 1925 facerem,
1176 1879 1307 1917 fateor.
1366 1880 1429 1916 Ps.
1475 1877 1557 1918 Ubi
1584 1890 1639 1916 re-

417 1945 597 1984 stiteras?
671 1946 723 1983 S1.
783 1944 864 1984 Ubi
893 1944 989 1982 mihi
1018 1944 1186 1983 lubitum
1216 1952 1283 1982 est.

312 2011 371 2048 Ps.
433 2011 540 2048 Istuc
560 2023 633 2060 ego
653 2010 730 2048 iam
751 2009 842 2048 satis
863 2009 954 2048 seio.
1013 2011 1065 2048 Si.
1117 2009 1223 2057 Quid
1243 2020 1333 2058 ergo
1353 2008 1462 2057 quod
1481 2006 1554 2046 scis
1575 2021 1638 2046 me
1667 2002 1672 2004 ’

417 2075 557 2124 rogas?

311 2140 373 2176 Ps.
432 2141 484 2176 At
520 2139 598 2177 hoc
634 2139 737 2186 uolo,
768 2151 927 2177 monere
969 2146 1018 2177 te.
1095 2139 1147 2176 S1.
1208 2136 1456 2183 Monendu's,
1487 2147 1537 2174 ne
1575 2148 1637 2174 me

418 2216 587 2242 moneas.

675 2294 687 2314 1
711 2294 883 2327 Trochaici
906 2293 1074 2331 octonarii,
1100 2295 1279 2336 908—911.
