<?xml version="1.0" encoding="UTF-8"?>
<!DOCTYPE html PUBLIC "-//W3C//DTD XHTML 1.0 Transitional//EN"
    "http://www.w3.org/TR/xhtml1/DTD/xhtml1-transitional.dtd">
<html xmlns="http://www.w3.org/1999/xhtml" xml:lang="en" lang="en">
 <head>
  <title>
</title>
<meta http-equiv="Content-Type" content="text/html;charset=utf-8" />
  <meta name='ocr-system' content='tesseract 3.04.00' />
  <meta name='ocr-capabilities' content='ocr_page ocr_carea ocr_par ocr_line ocrx_word'/>
</head>
<body>
  <div class='ocr_page' id='page_1' title='image "./pseudolus00plauuoft/pseudolus00plauuoft_0069.png"; bbox 0 0 1747 2620; ppageno 0'>
   <div class='ocr_carea' id='block_1_1' title="bbox 0 0 36 1783">
    <p class='ocr_par' dir='ltr' id='par_1_1' title="bbox 0 0 36 1783">
     <span class='ocr_line' id='line_1_1' title="bbox 0 0 36 1783; baseline 0 0"><span class='ocrx_word' id='word_1_1' title='bbox 0 0 36 1783; x_wconf 95' lang='lat' dir='ltr'> </span> 
     </span>
    </p>
   </div>
   <div class='ocr_carea' id='block_1_2' title="bbox 160 134 1480 189">
    <p class='ocr_par' dir='ltr' id='par_1_2' title="bbox 160 134 1480 189">
     <span class='ocr_line' id='line_1_2' title="bbox 160 134 1480 189; baseline 0 -13"><span class='ocrx_word' id='word_1_2' title='bbox 160 138 202 176; x_wconf 90' lang='lat'>11</span> <span class='ocrx_word' id='word_1_3' title='bbox 222 150 257 184; x_wconf 87' lang='lat'>4,</span> <span class='ocrx_word' id='word_1_4' title='bbox 281 134 455 189; x_wconf 76' lang='lat'><strong>46-67]</strong></span> <span class='ocrx_word' id='word_1_5' title='bbox 631 136 742 175; x_wconf 79' lang='lat' dir='ltr'>PSE</span> <span class='ocrx_word' id='word_1_6' title='bbox 753 136 909 177; x_wconf 79' lang='lat' dir='ltr'><em>UDOL</em></span> <span class='ocrx_word' id='word_1_7' title='bbox 921 137 996 176; x_wconf 75' lang='lat' dir='ltr'>(ss,</span> <span class='ocrx_word' id='word_1_8' title='bbox 1433 149 1480 187; x_wconf 82' lang='lat'>37</span> 
     </span>
    </p>
   </div>
   <div class='ocr_carea' id='block_1_3' title="bbox 106 224 1481 984">
    <p class='ocr_par' dir='ltr' id='par_1_3' title="bbox 157 224 1481 343">
     <span class='ocr_line' id='line_1_3' title="bbox 157 224 1481 281; baseline 0.001 -1"><span class='ocrx_word' id='word_1_9' title='bbox 157 241 237 281; x_wconf 78' lang='lat' dir='ltr'>CH.</span> <span class='ocrx_word' id='word_1_10' title='bbox 294 242 460 278; x_wconf 92' lang='lat' dir='ltr'>Hircum</span> <span class='ocrx_word' id='word_1_11' title='bbox 490 240 540 278; x_wconf 90' lang='lat' dir='ltr'>ab</span> <span class='ocrx_word' id='word_1_12' title='bbox 569 240 648 278; x_wconf 91' lang='lat' dir='ltr'>alis.</span> <span class='ocrx_word' id='word_1_13' title='bbox 718 242 780 279; x_wconf 87' lang='lat' dir='ltr'>Ps.</span> <span class='ocrx_word' id='word_1_14' title='bbox 840 224 1109 279; x_wconf 80' lang='lat' dir='ltr'>Manuleatam</span> <span class='ocrx_word' id='word_1_15' title='bbox 1138 241 1310 280; x_wconf 88' lang='lat' dir='ltr'>tunicam</span> <span class='ocrx_word' id='word_1_16' title='bbox 1339 242 1481 281; x_wconf 86' lang='lat' dir='ltr'>habere</span> 
     </span>
     <span class='ocr_line' id='line_1_4' title="bbox 260 305 671 343; baseline 0.002 -1"><span class='ocrx_word' id='word_1_17' title='bbox 260 305 463 343; x_wconf 88' lang='lat' dir='ltr'>hominem</span> <span class='ocrx_word' id='word_1_18' title='bbox 493 305 671 343; x_wconf 81' lang='lat' dir='ltr'>addecet.</span> 
     </span>
    </p>

    <p class='ocr_par' dir='ltr' id='par_1_4' title="bbox 157 368 1481 473">
     <span class='ocr_line' id='line_1_5' title="bbox 157 368 1481 423; baseline 0.002 -17"><span class='ocrx_word' id='word_1_19' title='bbox 157 369 311 418; x_wconf 87' lang='lat' dir='ltr'><strong>Ecquid</strong></span> <span class='ocrx_word' id='word_1_20' title='bbox 348 368 380 408; x_wconf 91' lang='lat' dir='ltr'>is</span> <span class='ocrx_word' id='word_1_21' title='bbox 417 370 538 408; x_wconf 89' lang='lat' dir='ltr'>homo</span> <span class='ocrx_word' id='word_1_22' title='bbox 576 369 694 423; x_wconf 87' lang='lat' dir='ltr'>habet</span> <span class='ocrx_word' id='word_1_23' title='bbox 731 368 830 408; x_wconf 85' lang='lat' dir='ltr'>aceti</span> <span class='ocrx_word' id='word_1_24' title='bbox 869 368 908 408; x_wconf 86' lang='lat' dir='ltr'>in</span> <span class='ocrx_word' id='word_1_25' title='bbox 947 372 1134 420; x_wconf 83' lang='lat' dir='ltr'>pectore?</span> <span class='ocrx_word' id='word_1_26' title='bbox 1213 371 1290 409; x_wconf 78' lang='lat' dir='ltr'>CH.</span> <span class='ocrx_word' id='word_1_27' title='bbox 1350 372 1481 420; x_wconf 85' lang='lat' dir='ltr'>Atque</span> 
     </span>
     <span class='ocr_line' id='line_1_6' title="bbox 261 424 665 473; baseline 0 -1"><span class='ocrx_word' id='word_1_28' title='bbox 261 433 548 473; x_wconf 83' lang='lat' dir='ltr'>acidissumum.</span> <span class='ocrx_word' id='word_1_29' title='bbox 662 424 665 425; x_wconf 28' lang='lat'><em>⁷</em></span> 
     </span>
    </p>

    <p class='ocr_par' dir='ltr' id='par_1_5' title="bbox 156 498 1480 612">
     <span class='ocr_line' id='line_1_7' title="bbox 156 498 1480 549; baseline 0 -13"><span class='ocrx_word' id='word_1_30' title='bbox 156 500 218 536; x_wconf 83' lang='lat' dir='ltr'>Ps.</span> <span class='ocrx_word' id='word_1_31' title='bbox 278 499 396 547; x_wconf 88' lang='lat' dir='ltr'>Quid,</span> <span class='ocrx_word' id='word_1_32' title='bbox 434 498 466 536; x_wconf 87' lang='lat' dir='ltr'>si</span> <span class='ocrx_word' id='word_1_33' title='bbox 510 505 628 548; x_wconf 86' lang='lat' dir='ltr'>opust</span> <span class='ocrx_word' id='word_1_34' title='bbox 674 505 717 536; x_wconf 88' lang='lat' dir='ltr'>ut</span> <span class='ocrx_word' id='word_1_35' title='bbox 761 498 875 537; x_wconf 84' lang='lat' dir='ltr'>dulce</span> <span class='ocrx_word' id='word_1_36' title='bbox 920 506 1073 549; x_wconf 90' lang='lat' dir='ltr'>promat</span> <span class='ocrx_word' id='word_1_37' title='bbox 1111 498 1297 545; x_wconf 77' lang='lat' dir='ltr'>indidem,</span> <span class='ocrx_word' id='word_1_38' title='bbox 1337 499 1480 548; x_wconf 86' lang='lat' dir='ltr'>ecquid</span> 
     </span>
     <span class='ocr_line' id='line_1_8' title="bbox 261 562 1023 612; baseline 0.001 -12"><span class='ocrx_word' id='word_1_39' title='bbox 261 563 409 601; x_wconf 84' lang='lat' dir='ltr'>habet?</span> <span class='ocrx_word' id='word_1_40' title='bbox 482 563 559 601; x_wconf 82' lang='lat' dir='ltr'>CH.</span> <span class='ocrx_word' id='word_1_41' title='bbox 619 563 780 612; x_wconf 85' lang='lat' dir='ltr'>Rogas?</span> <span class='ocrx_word' id='word_1_42' title='bbox 822 606 824 611; x_wconf 84' lang='lat'><em>.</em></span> <span class='ocrx_word' id='word_1_43' title='bbox 967 562 981 570; x_wconf 68' lang='grc'>’”</span> <span class='ocrx_word' id='word_1_44' title='bbox 1019 599 1023 601; x_wconf 78' lang='grc'><strong>.</strong></span> 
     </span>
    </p>

    <p class='ocr_par' dir='ltr' id='par_1_6' title="bbox 157 624 1477 676">
     <span class='ocr_line' id='line_1_9' title="bbox 157 624 1477 676; baseline -0.002 -12"><span class='ocrx_word' id='word_1_45' title='bbox 157 625 372 664; x_wconf 73' lang='lat' dir='ltr'>Murrin&#39;am</span> <span class='ocrx_word' id='word_1_46' title='bbox 399 638 556 676; x_wconf 82' lang='lat' dir='ltr'>passum</span> <span class='ocrx_word' id='word_1_47' title='bbox 583 626 961 664; x_wconf 59' lang='lat' dir='ltr'>defrutum‘mellam</span> <span class='ocrx_word' id='word_1_48' title='bbox 988 626 1066 664; x_wconf 90' lang='lat' dir='ltr'>mel</span> <span class='ocrx_word' id='word_1_49' title='bbox 1092 624 1365 674; x_wconf 86' lang='lat' dir='ltr'>quoiuismodi.</span> <span class='ocrx_word' id='word_1_50' title='bbox 1404 636 1477 675; x_wconf 87' lang='lat'>745</span> 
     </span>
    </p>

    <p class='ocr_par' dir='ltr' id='par_1_7' title="bbox 106 688 1403 738">
     <span class='ocr_line' id='line_1_10' title="bbox 106 688 1403 738; baseline -0.002 -11"><span class='ocrx_word' id='word_1_51' title='bbox 106 703 138 726; x_wconf 85' lang='lat'>⁵0</span> <span class='ocrx_word' id='word_1_52' title='bbox 156 689 263 738; x_wconf 92' lang='lat' dir='ltr'>Quin</span> <span class='ocrx_word' id='word_1_53' title='bbox 292 689 332 727; x_wconf 92' lang='lat' dir='ltr'>in</span> <span class='ocrx_word' id='word_1_54' title='bbox 361 690 480 727; x_wconf 91' lang='lat' dir='ltr'>corde</span> <span class='ocrx_word' id='word_1_55' title='bbox 509 688 696 727; x_wconf 84' lang='lat' dir='ltr'>instruere</span> <span class='ocrx_word' id='word_1_56' title='bbox 726 689 926 737; x_wconf 90' lang='lat' dir='ltr'>quondam</span> <span class='ocrx_word' id='word_1_57' title='bbox 958 688 1090 737; x_wconf 90' lang='lat' dir='ltr'>coepit</span> <span class='ocrx_word' id='word_1_58' title='bbox 1119 688 1403 737; x_wconf 85' lang='lat' dir='ltr'>pantopolium.</span> 
     </span>
    </p>

    <p class='ocr_par' dir='ltr' id='par_1_8' title="bbox 156 752 1446 803">
     <span class='ocr_line' id='line_1_11' title="bbox 156 752 1446 803; baseline -0.003 -11"><span class='ocrx_word' id='word_1_59' title='bbox 156 756 218 792; x_wconf 67' lang='grc' dir='ltr'>ΡΞ.</span> <span class='ocrx_word' id='word_1_60' title='bbox 275 755 486 803; x_wconf 87' lang='lat' dir='ltr'>Eugepae,·</span> <span class='ocrx_word' id='word_1_61' title='bbox 523 752 664 802; x_wconf 87' lang='lat' dir='ltr'>lepide,</span> <span class='ocrx_word' id='word_1_62' title='bbox 697 754 878 800; x_wconf 82' lang='lat' dir='ltr'>Charine,</span> <span class='ocrx_word' id='word_1_63' title='bbox 910 766 998 792; x_wconf 92' lang='lat' dir='ltr'>meo</span> <span class='ocrx_word' id='word_1_64' title='bbox 1027 766 1090 791; x_wconf 89' lang='lat' dir='ltr'>me</span> <span class='ocrx_word' id='word_1_65' title='bbox 1119 754 1214 791; x_wconf 91' lang='lat' dir='ltr'>ludo</span> <span class='ocrx_word' id='word_1_66' title='bbox 1244 753 1446 791; x_wconf 83' lang='lat' dir='ltr'>lamberas.</span> 
     </span>
    </p>

    <p class='ocr_par' dir='ltr' id='par_1_9' title="bbox 155 817 1475 868">
     <span class='ocr_line' id='line_1_12' title="bbox 155 817 1475 868; baseline -0.002 -11"><span class='ocrx_word' id='word_1_67' title='bbox 155 818 232 857; x_wconf 87' lang='lat' dir='ltr'>Sed</span> <span class='ocrx_word' id='word_1_68' title='bbox 258 819 354 868; x_wconf 83' lang='lat' dir='ltr'>quid</span> <span class='ocrx_word' id='word_1_69' title='bbox 376 830 523 856; x_wconf 88' lang='lat' dir='ltr'>nomen</span> <span class='ocrx_word' id='word_1_70' title='bbox 547 830 631 856; x_wconf 87' lang='lat' dir='ltr'>esse</span> <span class='ocrx_word' id='word_1_71' title='bbox 651 817 780 856; x_wconf 89' lang='lat' dir='ltr'>dicam</span> <span class='ocrx_word' id='word_1_72' title='bbox 802 831 874 867; x_wconf 89' lang='lat' dir='ltr'>ego</span> <span class='ocrx_word' id='word_1_73' title='bbox 895 817 955 856; x_wconf 83' lang='lat' dir='ltr'>isti</span> <span class='ocrx_word' id='word_1_74' title='bbox 978 819 1121 856; x_wconf 90' lang='lat' dir='ltr'>seruo?</span> <span class='ocrx_word' id='word_1_75' title='bbox 1186 818 1263 856; x_wconf 86' lang='lat' dir='ltr'>CH.</span> <span class='ocrx_word' id='word_1_76' title='bbox 1322 817 1475 856; x_wconf 88' lang='lat' dir='ltr'>Simiae.</span> 
     </span>
    </p>

    <p class='ocr_par' dir='ltr' id='par_1_10' title="bbox 155 882 1479 984">
     <span class='ocr_line' id='line_1_13' title="bbox 155 882 1479 931; baseline 0 -11"><span class='ocrx_word' id='word_1_77' title='bbox 155 884 218 920; x_wconf 82' lang='lat' dir='ltr'>Ps.</span> <span class='ocrx_word' id='word_1_78' title='bbox 277 882 407 921; x_wconf 85' lang='lat' dir='ltr'>Scitne</span> <span class='ocrx_word' id='word_1_79' title='bbox 428 882 468 920; x_wconf 89' lang='lat' dir='ltr'>in</span> <span class='ocrx_word' id='word_1_80' title='bbox 487 895 528 920; x_wconf 90' lang='lat' dir='ltr'>re</span> <span class='ocrx_word' id='word_1_81' title='bbox 548 883 718 921; x_wconf 85' lang='lat' dir='ltr'>aduorsa</span> <span class='ocrx_word' id='word_1_82' title='bbox 735 882 910 920; x_wconf 83' lang='lat' dir='ltr'>uorsari?</span> <span class='ocrx_word' id='word_1_83' title='bbox 967 883 1043 921; x_wconf 70' lang='lat' dir='ltr'>CH.</span> <span class='ocrx_word' id='word_1_84' title='bbox 1098 883 1234 920; x_wconf 91' lang='lat' dir='ltr'>Turbo</span> <span class='ocrx_word' id='word_1_85' title='bbox 1256 895 1335 920; x_wconf 91' lang='lat' dir='ltr'>non</span> <span class='ocrx_word' id='word_1_86' title='bbox 1356 894 1479 931; x_wconf 89' lang='lat' dir='ltr'>aeque</span> 
     </span>
     <span class='ocr_line' id='line_1_14' title="bbox 260 953 386 984; baseline 0 0"><span class='ocrx_word' id='word_1_87' title='bbox 260 953 386 984; x_wconf 82' lang='lat' dir='ltr'>eltust.</span> 
     </span>
    </p>
   </div>
   <div class='ocr_carea' id='block_1_4' title="bbox 106 1009 1479 1242">
    <p class='ocr_par' dir='ltr' id='par_1_11' title="bbox 128 1009 1479 1124">
     <span class='ocr_line' id='line_1_15' title="bbox 128 1009 1479 1060; baseline 0 -12"><span class='ocrx_word' id='word_1_88' title='bbox 128 1011 218 1053; x_wconf 62' lang='lat' dir='ltr'>AES.</span> <span class='ocrx_word' id='word_1_89' title='bbox 277 1009 431 1059; x_wconf 88' lang='lat' dir='ltr'>Ecquid</span> <span class='ocrx_word' id='word_1_90' title='bbox 459 1012 661 1060; x_wconf 84' lang='lat' dir='ltr'>argutust?</span> <span class='ocrx_word' id='word_1_91' title='bbox 727 1011 804 1050; x_wconf 84' lang='lat' dir='ltr'>CH.</span> <span class='ocrx_word' id='word_1_92' title='bbox 866 1011 1061 1049; x_wconf 89' lang='lat' dir='ltr'>Malorum</span> <span class='ocrx_word' id='word_1_93' title='bbox 1090 1010 1307 1049; x_wconf 82' lang='lat' dir='ltr'>facinorum</span> <span class='ocrx_word' id='word_1_94' title='bbox 1337 1010 1479 1060; x_wconf 85' lang='lat' dir='ltr'>saepis-</span> 
     </span>
     <span class='ocr_line' id='line_1_16' title="bbox 261 1079 1479 1124; baseline -0.001 -11"><span class='ocrx_word' id='word_1_95' title='bbox 261 1079 382 1113; x_wconf 78' lang='lat' dir='ltr'>sume.</span> <span class='ocrx_word' id='word_1_96' title='bbox 696 1104 710 1106; x_wconf 51' lang='grc'><em>»</em></span> <span class='ocrx_word' id='word_1_97' title='bbox 945 1108 948 1109; x_wconf 21' lang='lat'><em>⁷</em></span> <span class='ocrx_word' id='word_1_98' title='bbox 1331 1109 1338 1113; x_wconf 77' lang='grc'>,</span> <span class='ocrx_word' id='word_1_99' title='bbox 1404 1087 1479 1124; x_wconf 87' lang='lat'>750</span> 
     </span>
    </p>

    <p class='ocr_par' dir='ltr' id='par_1_12' title="bbox 106 1138 1478 1242">
     <span class='ocr_line' id='line_1_17' title="bbox 106 1138 1478 1189; baseline 0.001 -13"><span class='ocrx_word' id='word_1_100' title='bbox 106 1153 135 1176; x_wconf 82' lang='lat'>55</span> <span class='ocrx_word' id='word_1_101' title='bbox 155 1140 217 1177; x_wconf 69' lang='grc' dir='ltr'>ΡΞ.</span> <span class='ocrx_word' id='word_1_102' title='bbox 277 1138 385 1187; x_wconf 87' lang='lat' dir='ltr'>Quid</span> <span class='ocrx_word' id='word_1_103' title='bbox 414 1151 534 1189; x_wconf 93' lang='lat' dir='ltr'>quom</span> <span class='ocrx_word' id='word_1_104' title='bbox 564 1140 783 1177; x_wconf 80' lang='lat' dir='ltr'>manufesto</span> <span class='ocrx_word' id='word_1_105' title='bbox 814 1140 996 1185; x_wconf 88' lang='lat' dir='ltr'>tenetur?</span> <span class='ocrx_word' id='word_1_106' title='bbox 1052 1139 1128 1178; x_wconf 83' lang='lat' dir='ltr'>CH.</span> <span class='ocrx_word' id='word_1_107' title='bbox 1185 1139 1368 1188; x_wconf 88' lang='lat' dir='ltr'>Anguilla</span> <span class='ocrx_word' id='word_1_108' title='bbox 1398 1147 1478 1187; x_wconf 89' lang='lat' dir='ltr'>est,·</span> 
     </span>
     <span class='ocr_line' id='line_1_18' title="bbox 261 1204 437 1242; baseline -0.006 0"><span class='ocrx_word' id='word_1_109' title='bbox 261 1204 437 1242; x_wconf 87' lang='lat' dir='ltr'>elabitur.</span> 
     </span>
    </p>
   </div>
   <div class='ocr_carea' id='block_1_5' title="bbox 103 1267 1479 2348">
    <p class='ocr_par' dir='ltr' id='par_1_13' title="bbox 103 1267 1479 2348">
     <span class='ocr_line' id='line_1_19' title="bbox 154 1267 1479 1317; baseline 0 -11"><span class='ocrx_word' id='word_1_110' title='bbox 154 1270 216 1307; x_wconf 86' lang='lat' dir='ltr'>Ps.</span> <span class='ocrx_word' id='word_1_111' title='bbox 276 1268 431 1317; x_wconf 90' lang='lat' dir='ltr'>Ecquid</span> <span class='ocrx_word' id='word_1_112' title='bbox 469 1269 500 1307; x_wconf 88' lang='lat' dir='ltr'>is</span> <span class='ocrx_word' id='word_1_113' title='bbox 538 1269 658 1307; x_wconf 90' lang='lat' dir='ltr'>homo</span> <span class='ocrx_word' id='word_1_114' title='bbox 696 1268 860 1307; x_wconf 84' lang='lat' dir='ltr'>scitust?</span> <span class='ocrx_word' id='word_1_115' title='bbox 934 1269 1010 1308; x_wconf 59' lang='lat' dir='ltr'>CH„</span> <span class='ocrx_word' id='word_1_116' title='bbox 1071 1267 1181 1306; x_wconf 90' lang='lat' dir='ltr'>Plebi</span> <span class='ocrx_word' id='word_1_117' title='bbox 1220 1268 1360 1306; x_wconf 86' lang='lat' dir='ltr'>scitum</span> <span class='ocrx_word' id='word_1_118' title='bbox 1399 1281 1479 1307; x_wconf 93' lang='lat' dir='ltr'>non</span> 
     </span>
     <span class='ocr_line' id='line_1_20' title="bbox 259 1332 489 1370; baseline 0 0"><span class='ocrx_word' id='word_1_119' title='bbox 259 1340 316 1370; x_wconf 84' lang='lat' dir='ltr'>est</span> <span class='ocrx_word' id='word_1_120' title='bbox 344 1332 489 1370; x_wconf 83' lang='lat' dir='ltr'>scitius.</span> 
     </span>
     <span class='ocr_line' id='line_1_21' title="bbox 153 1397 1478 1448; baseline -0.001 -12"><span class='ocrx_word' id='word_1_121' title='bbox 153 1400 218 1436; x_wconf 84' lang='lat' dir='ltr'>Ps.</span> <span class='ocrx_word' id='word_1_122' title='bbox 276 1398 426 1436; x_wconf 82' lang='lat' dir='ltr'>Probus</span> <span class='ocrx_word' id='word_1_123' title='bbox 445 1399 566 1437; x_wconf 88' lang='lat' dir='ltr'>homo</span> <span class='ocrx_word' id='word_1_124' title='bbox 586 1405 655 1445; x_wconf 87' lang='lat' dir='ltr'>est,</span> <span class='ocrx_word' id='word_1_125' title='bbox 677 1406 718 1437; x_wconf 85' lang='lat' dir='ltr'>ut</span> <span class='ocrx_word' id='word_1_126' title='bbox 738 1397 963 1448; x_wconf 84' lang='lat' dir='ltr'>praedicare</span> <span class='ocrx_word' id='word_1_127' title='bbox 983 1406 1020 1437; x_wconf 90' lang='lat' dir='ltr'>te</span> <span class='ocrx_word' id='word_1_128' title='bbox 1040 1398 1168 1439; x_wconf 82' lang='lat' dir='ltr'>audio.</span> <span class='ocrx_word' id='word_1_129' title='bbox 1229 1399 1306 1438; x_wconf 87' lang='lat' dir='ltr'>CH.</span> <span class='ocrx_word' id='word_1_130' title='bbox 1348 1400 1478 1436; x_wconf 91' lang='lat' dir='ltr'>Immo</span> 
     </span>
     <span class='ocr_line' id='line_1_22' title="bbox 259 1462 514 1504; baseline -0.004 -3"><span class='ocrx_word' id='word_1_131' title='bbox 259 1462 290 1501; x_wconf 87' lang='lat' dir='ltr'>si</span> <span class='ocrx_word' id='word_1_132' title='bbox 319 1463 471 1500; x_wconf 79' lang='lat' dir='ltr'>scias—</span> <span class='ocrx_word' id='word_1_133' title='bbox 510 1499 514 1504; x_wconf 27' lang='lat' dir='ltr'>f</span> 
     </span>
     <span class='ocr_line' id='line_1_23' title="bbox 153 1526 1266 1577; baseline -0.001 -11"><span class='ocrx_word' id='word_1_134' title='bbox 153 1527 236 1566; x_wconf 91' lang='lat' dir='ltr'>Ubi</span> <span class='ocrx_word' id='word_1_135' title='bbox 264 1534 302 1566; x_wconf 89' lang='lat' dir='ltr'>te</span> <span class='ocrx_word' id='word_1_136' title='bbox 330 1527 563 1577; x_wconf 79' lang='lat' dir='ltr'>adspexerit,</span> <span class='ocrx_word' id='word_1_137' title='bbox 593 1527 764 1566; x_wconf 90' lang='lat' dir='ltr'>narrabit</span> <span class='ocrx_word' id='word_1_138' title='bbox 792 1528 892 1565; x_wconf 90' lang='lat' dir='ltr'>ultro</span> <span class='ocrx_word' id='word_1_139' title='bbox 921 1527 1016 1577; x_wconf 89' lang='lat' dir='ltr'>quid</span> <span class='ocrx_word' id='word_1_140' title='bbox 1046 1540 1130 1566; x_wconf 83' lang='lat' dir='ltr'>sese</span> <span class='ocrx_word' id='word_1_141' title='bbox 1160 1526 1266 1566; x_wconf 89' lang='lat' dir='ltr'>uelis.</span> 
     </span>
     <span class='ocr_line' id='line_1_24' title="bbox 141 1591 1477 1647; baseline 0 -17"><span class='ocrx_word' id='word_1_142' title='bbox 141 1592 229 1630; x_wconf 50' lang='lat' dir='ltr'>xSed</span> <span class='ocrx_word' id='word_1_143' title='bbox 263 1591 358 1647; x_wconf 87' lang='lat' dir='ltr'>quid</span> <span class='ocrx_word' id='word_1_144' title='bbox 392 1605 439 1630; x_wconf 93' lang='lat' dir='ltr'>eo</span> <span class='ocrx_word' id='word_1_145' title='bbox 473 1605 513 1631; x_wconf 86' lang='lat' dir='ltr'>es</span> <span class='ocrx_word' id='word_1_146' title='bbox 548 1594 746 1631; x_wconf 87' lang='lat' dir='ltr'>facturus?</span> <span class='ocrx_word' id='word_1_147' title='bbox 821 1595 884 1631; x_wconf 79' lang='lat' dir='ltr'>Ps.</span> <span class='ocrx_word' id='word_1_148' title='bbox 945 1593 1096 1631; x_wconf 59' lang='lat' dir='ltr'>Dicam,</span> <span class='ocrx_word' id='word_1_149' title='bbox 1156 1594 1237 1632; x_wconf 88' lang='lat' dir='ltr'>Ubi</span> <span class='ocrx_word' id='word_1_150' title='bbox 1276 1592 1477 1631; x_wconf 88' lang='lat' dir='ltr'>hominem</span> 
     </span>
     <span class='ocr_line' id='line_1_25' title="bbox 260 1668 1475 1706; baseline 0.001 -12"><span class='ocrx_word' id='word_1_151' title='bbox 260 1669 508 1704; x_wconf 87' lang='lat' dir='ltr'>exornauero,</span> <span class='ocrx_word' id='word_1_152' title='bbox 1403 1668 1421 1705; x_wconf 96' lang='lat'>7</span> <span class='ocrx_word' id='word_1_153' title='bbox 1428 1669 1447 1706; x_wconf 87' lang='lat'><strong>5</strong></span> <span class='ocrx_word' id='word_1_154' title='bbox 1457 1668 1475 1706; x_wconf 91' lang='lat'><strong>5</strong></span> 
     </span>
     <span class='ocr_line' id='line_1_26' title="bbox 103 1720 1241 1772; baseline 0.004 -15"><span class='ocrx_word' id='word_1_155' title='bbox 103 1732 137 1757; x_wconf 86' lang='lat'>60</span> <span class='ocrx_word' id='word_1_156' title='bbox 153 1720 401 1759; x_wconf 82' lang='lat' dir='ltr'>Subditiuom</span> <span class='ocrx_word' id='word_1_157' title='bbox 429 1721 509 1760; x_wconf 92' lang='lat' dir='ltr'>fieri</span> <span class='ocrx_word' id='word_1_158' title='bbox 539 1734 611 1772; x_wconf 85' lang='lat' dir='ltr'>ego</span> <span class='ocrx_word' id='word_1_159' title='bbox 639 1721 749 1760; x_wconf 89' lang='lat' dir='ltr'>illum</span> <span class='ocrx_word' id='word_1_160' title='bbox 778 1720 909 1760; x_wconf 85' lang='lat' dir='ltr'>militis</span> <span class='ocrx_word' id='word_1_161' title='bbox 939 1734 1093 1760; x_wconf 87' lang='lat' dir='ltr'>seruom</span> <span class='ocrx_word' id='word_1_162' title='bbox 1126 1723 1241 1769; x_wconf 83' lang='lat' dir='ltr'>uolo;</span> 
     </span>
     <span class='ocr_line' id='line_1_27' title="bbox 153 1785 1456 1836; baseline 0 -13"><span class='ocrx_word' id='word_1_163' title='bbox 153 1785 380 1834; x_wconf 88' lang='lat' dir='ltr'>Symbolum</span> <span class='ocrx_word' id='word_1_164' title='bbox 411 1786 516 1823; x_wconf 87' lang='lat' dir='ltr'>hunc</span> <span class='ocrx_word' id='word_1_165' title='bbox 544 1786 641 1824; x_wconf 88' lang='lat' dir='ltr'>ferat</span> <span class='ocrx_word' id='word_1_166' title='bbox 668 1785 802 1824; x_wconf 88' lang='lat' dir='ltr'>lenoni</span> <span class='ocrx_word' id='word_1_167' title='bbox 830 1799 921 1823; x_wconf 91' lang='lat' dir='ltr'>cum</span> <span class='ocrx_word' id='word_1_168' title='bbox 951 1787 1126 1835; x_wconf 87' lang='lat' dir='ltr'>quinque</span> <span class='ocrx_word' id='word_1_169' title='bbox 1155 1785 1303 1836; x_wconf 84' lang='lat' dir='ltr'>argenti</span> <span class='ocrx_word' id='word_1_170' title='bbox 1332 1785 1456 1831; x_wconf 90' lang='lat' dir='ltr'>minis,</span> 
     </span>
     <span class='ocr_line' id='line_1_28' title="bbox 154 1846 1439 1895; baseline 0.001 -11"><span class='ocrx_word' id='word_1_171' title='bbox 154 1846 360 1885; x_wconf 88' lang='lat' dir='ltr'>Mulierem</span> <span class='ocrx_word' id='word_1_172' title='bbox 390 1847 439 1885; x_wconf 88' lang='lat' dir='ltr'>ab</span> <span class='ocrx_word' id='word_1_173' title='bbox 468 1848 611 1885; x_wconf 87' lang='lat' dir='ltr'>lenone</span> <span class='ocrx_word' id='word_1_174' title='bbox 639 1848 834 1895; x_wconf 82' lang='lat' dir='ltr'>abducat3</span> <span class='ocrx_word' id='word_1_175' title='bbox 874 1860 937 1885; x_wconf 89' lang='lat' dir='ltr'>ern</span> <span class='ocrx_word' id='word_1_176' title='bbox 967 1848 1037 1886; x_wconf 88' lang='lat' dir='ltr'>tibi</span> <span class='ocrx_word' id='word_1_177' title='bbox 1067 1861 1229 1886; x_wconf 88' lang='lat' dir='ltr'>omnem</span> <span class='ocrx_word' id='word_1_178' title='bbox 1257 1849 1439 1886; x_wconf 86' lang='lat' dir='ltr'>fabulam.</span> 
     </span>
     <span class='ocr_line' id='line_1_29' title="bbox 154 1911 1232 1961; baseline -0.001 -11"><span class='ocrx_word' id='word_1_179' title='bbox 154 1912 336 1950; x_wconf 89' lang='lat' dir='ltr'>Ceterum</span> <span class='ocrx_word' id='word_1_180' title='bbox 366 1924 445 1960; x_wconf 89' lang='lat' dir='ltr'>quo</span> <span class='ocrx_word' id='word_1_181' title='bbox 474 1911 648 1960; x_wconf 88' lang='lat' dir='ltr'>quidque</span> <span class='ocrx_word' id='word_1_182' title='bbox 677 1920 794 1961; x_wconf 87' lang='lat' dir='ltr'>pacto</span> <span class='ocrx_word' id='word_1_183' title='bbox 823 1911 949 1959; x_wconf 87' lang='lat' dir='ltr'>faciat,</span> <span class='ocrx_word' id='word_1_184' title='bbox 984 1911 1058 1960; x_wconf 79' lang='lat' dir='ltr'>ipsi</span> <span class='ocrx_word' id='word_1_185' title='bbox 1087 1912 1232 1950; x_wconf 84' lang='lat' dir='ltr'>dixero.</span> 
     </span>
     <span class='ocr_line' id='line_1_30' title="bbox 153 1975 1477 2025; baseline -0.001 -11"><span class='ocrx_word' id='word_1_186' title='bbox 153 1977 225 2015; x_wconf 87' lang='lat' dir='ltr'>CA.</span> <span class='ocrx_word' id='word_1_187' title='bbox 284 1975 391 2024; x_wconf 88' lang='lat' dir='ltr'>Quid</span> <span class='ocrx_word' id='word_1_188' title='bbox 432 1989 538 2023; x_wconf 89' lang='lat' dir='ltr'>nunc</span> <span class='ocrx_word' id='word_1_189' title='bbox 579 1975 693 2025; x_wconf 86' lang='lat' dir='ltr'>igitur</span> <span class='ocrx_word' id='word_1_190' title='bbox 734 1977 906 2014; x_wconf 86' lang='lat' dir='ltr'>stamus?</span> <span class='ocrx_word' id='word_1_191' title='bbox 998 1978 1060 2014; x_wconf 85' lang='lat' dir='ltr'>Ps.</span> <span class='ocrx_word' id='word_1_192' title='bbox 1132 1975 1348 2014; x_wconf 88' lang='lat' dir='ltr'>Hominem</span> <span class='ocrx_word' id='word_1_193' title='bbox 1386 1989 1477 2014; x_wconf 89' lang='lat' dir='ltr'>cum</span> 
     </span>
     <span class='ocr_line' id='line_1_31' title="bbox 224 2041 1477 2090; baseline 0.001 -12"><span class='ocrx_word' id='word_1_194' title='bbox 224 2080 225 2083; x_wconf 58' lang='grc'>,</span> <span class='ocrx_word' id='word_1_195' title='bbox 259 2041 497 2079; x_wconf 85' lang='lat' dir='ltr'>ornamentis</span> <span class='ocrx_word' id='word_1_196' title='bbox 526 2042 708 2080; x_wconf 90' lang='lat' dir='ltr'>omnibus</span> <span class='ocrx_word' id='word_1_197' title='bbox 1402 2043 1477 2090; x_wconf 88' lang='lat'>760</span> 
     </span>
     <span class='ocr_line' id='line_1_32' title="bbox 104 2104 1477 2154; baseline 0.002 -14"><span class='ocrx_word' id='word_1_198' title='bbox 104 2116 136 2147; x_wconf 78' lang='lat'>65</span> <span class='ocrx_word' id='word_1_199' title='bbox 154 2105 395 2148; x_wconf 86' lang='lat' dir='ltr'>Exornatum</span> <span class='ocrx_word' id='word_1_200' title='bbox 422 2104 605 2144; x_wconf 89' lang='lat' dir='ltr'>adducite</span> <span class='ocrx_word' id='word_1_201' title='bbox 631 2106 681 2144; x_wconf 90' lang='lat' dir='ltr'>ad</span> <span class='ocrx_word' id='word_1_202' title='bbox 709 2118 772 2143; x_wconf 88' lang='lat' dir='ltr'>me</span> <span class='ocrx_word' id='word_1_203' title='bbox 796 2105 872 2143; x_wconf 89' lang='lat' dir='ltr'>iam</span> <span class='ocrx_word' id='word_1_204' title='bbox 893 2105 943 2143; x_wconf 89' lang='lat' dir='ltr'>ad</span> <span class='ocrx_word' id='word_1_205' title='bbox 964 2105 1191 2154; x_wconf 85' lang='lat' dir='ltr'>tarpezitam</span> <span class='ocrx_word' id='word_1_206' title='bbox 1212 2104 1477 2153; x_wconf 85' lang='lat' dir='ltr'>Aeschinum;</span> 
     </span>
     <span class='ocr_line' id='line_1_33' title="bbox 153 2165 1474 2219; baseline 0.001 -13"><span class='ocrx_word' id='word_1_207' title='bbox 153 2167 230 2206; x_wconf 92' lang='lat' dir='ltr'>Sed</span> <span class='ocrx_word' id='word_1_208' title='bbox 271 2176 486 2217; x_wconf 81' lang='lat' dir='ltr'>properate.</span> <span class='ocrx_word' id='word_1_209' title='bbox 542 2165 639 2208; x_wconf 64' lang='lat' dir='ltr'><em>&#39;CH.</em></span> <span class='ocrx_word' id='word_1_210' title='bbox 705 2168 815 2207; x_wconf 87' lang='lat' dir='ltr'>Prius</span> <span class='ocrx_word' id='word_1_211' title='bbox 857 2169 912 2207; x_wconf 89' lang='lat' dir='ltr'>illi</span> <span class='ocrx_word' id='word_1_212' title='bbox 954 2169 1095 2208; x_wconf 85' lang='lat' dir='ltr'>erimus</span> <span class='ocrx_word' id='word_1_213' title='bbox 1138 2182 1256 2219; x_wconf 88' lang='lat' dir='ltr'>quam</span> <span class='ocrx_word' id='word_1_214' title='bbox 1300 2177 1352 2207; x_wconf 90' lang='lat' dir='ltr'>tu.</span> <span class='ocrx_word' id='word_1_215' title='bbox 1410 2171 1474 2207; x_wconf 78' lang='lat' dir='ltr'>Ps.</span> 
     </span>
     <span class='ocr_line' id='line_1_34' title="bbox 260 2231 646 2282; baseline 0.008 -14"><span class='ocrx_word' id='word_1_216' title='bbox 260 2231 377 2270; x_wconf 89' lang='lat' dir='ltr'>Abite</span> <span class='ocrx_word' id='word_1_217' title='bbox 406 2244 497 2282; x_wconf 88' lang='lat' dir='ltr'>ergo</span> <span class='ocrx_word' id='word_1_218' title='bbox 518 2233 646 2271; x_wconf 84' lang='lat' dir='ltr'>ocius.</span> 
     </span>
     <span class='ocr_line' id='line_1_35' title="bbox 156 2294 1475 2348; baseline 0.002 -15"><span class='ocrx_word' id='word_1_219' title='bbox 156 2294 360 2345; x_wconf 86' lang='lat' dir='ltr'>Quidquid</span> <span class='ocrx_word' id='word_1_220' title='bbox 387 2296 525 2336; x_wconf 89' lang='lat' dir='ltr'>incerti</span> <span class='ocrx_word' id='word_1_221' title='bbox 553 2296 648 2335; x_wconf 90' lang='lat' dir='ltr'>mihi</span> <span class='ocrx_word' id='word_1_222' title='bbox 678 2296 717 2335; x_wconf 91' lang='lat' dir='ltr'>in</span> <span class='ocrx_word' id='word_1_223' title='bbox 745 2296 876 2336; x_wconf 89' lang='lat' dir='ltr'>animo</span> <span class='ocrx_word' id='word_1_224' title='bbox 905 2296 1012 2348; x_wconf 88' lang='lat' dir='ltr'>prius</span> <span class='ocrx_word' id='word_1_225' title='bbox 1041 2304 1108 2336; x_wconf 88' lang='lat' dir='ltr'>aut</span> <span class='ocrx_word' id='word_1_226' title='bbox 1137 2298 1363 2348; x_wconf 86' lang='lat' dir='ltr'>ambiguum</span> <span class='ocrx_word' id='word_1_227' title='bbox 1392 2297 1475 2343; x_wconf 88' lang='lat' dir='ltr'>fuit,</span> 
     </span>
    </p>
   </div>
  </div>
 </body>
</html>
