1747 2620
111 110 130 149 1
157 124 188 157 2,
214 107 386 162 20—40]
590 109 956 149 PSEUDOLUS.
1097 82 1103 86 „
1394 124 1437 149 11

60 232 92 248 20
113 214 206 251 Huc
244 212 428 251 adhibete
466 212 567 250 auris
610 225 710 262 quae
755 225 828 262 ego
872 214 1019 262 loquar,
1060 211 1257 262 plagigera
1299 202 1442 262 genera

217 277 431 316 hominum.

112 343 336 391 Numquam
367 343 509 391 edepol
539 349 713 380 uostrum
743 340 876 379 durius
906 347 1057 390 tergum
1089 340 1159 378 erit
1186 353 1304 390 quam
1333 341 1442 391 tergi-

216 419 310 443 num
339 407 413 444 hoc
443 419 574 444 meum
604 414 672 444 est.

111 469 217 519 Quid
243 471 378 508 nunc?
417 470 606 508 doletne?
646 471 732 517 Em,
763 464 818 507 sic
844 469 968 514 datur,
997 468 1028 505 si
1056 468 1142 517 quis
1171 481 1279 506 erum
1309 481 1441 506 seruos

217 535 371 584 spernit.
1366 546 1440 583 154

109 600 298 639 Adsistite
315 613 452 640 omnes
469 607 605 638 contra
620 613 682 638 me
703 606 741 637 et
761 612 861 648 quae
881 599 1020 648 loquor
1040 598 1233 637 aduortite
1252 597 1436 635 animum.

110 666 173 702 Tu
200 665 267 714 qui
294 678 430 703 urnam
457 664 590 710 habes,
612 676 757 713 aquam
784 664 916 713 ingere
930 677 941 710 3
968 664 1053 701 face
1080 664 1242 712 plenum
1269 663 1439 700 ahenum

218 728 266 767 sit
294 741 403 767 coco.

60 806 93 830 ²⁵
110 795 169 831 Te
198 806 289 831 cum
318 791 449 847 securi
472 791 664 831 caudicali
694 791 877 841 praeficio
907 791 1144 841 prouinciae.

109 858 175 895 Lo.
234 858 288 895 At
316 846 414 895 haec
442 864 646 895 retunsast.
706 858 778 894 BA.
829 856 921 895 Sine
951 856 1046 904 siet3
1084 855 1221 894 itidem
1249 869 1321 895 uos
1349 855 1441 894 estis

216 921 341 971 plagis
356 936 366 969 5
1165 959 1167 963 ,

111 988 217 1024 Num
246 986 312 1036 qui
341 986 472 1024 minus
501 1000 547 1024 ea
575 986 697 1036 gratia
726 994 857 1025 tamen
888 985 1064 1024 omnium
1094 999 1213 1036 opera
1240 988 1357 1024 utor?

109 1050 202 1089 T'rbi
234 1051 310 1089 hoc
345 1050 543 1100 praecipio
578 1059 619 1088 ut
650 1050 800 1088 niteant
829 1051 971 1098 aede53
1009 1050 1131 1088 habes
1160 1051 1268 1099 quod
1297 1049 1439 1098 facias;

216 1127 395 1165 propera,
425 1115 491 1153 abi
520 1116 633 1153 intro.
698 1134 704 1140 ,
1368 1117 1440 1151 160

111 1180 173 1217 Tu
195 1187 279 1217 esto
299 1179 606 1218 lectisterniator.
656 1180 717 1216 Tu
737 1185 942 1227 argentum
963 1178 1094 1221 eltuto,
1115 1178 1221 1217 idem
1241 1177 1437 1216 exstruito¹

59 1262 93 1286 30
113 1245 236 1299 Haec,
263 1257 382 1293 quom
403 1257 473 1293 ego
494 1258 517 1282 a
539 1245 623 1281 foro
650 1251 831 1288 reuortar,
855 1243 970 1280 facite
997 1251 1039 1280 ut
1066 1243 1266 1280 offendam
1293 1250 1438 1292 parata,

111 1298 241 1348 Uorsa
269 1322 404 1359 sparsa
432 1317 534 1348 tersa
563 1317 680 1347 strata
708 1310 815 1346 lauta
844 1316 1067 1357 structaque
1096 1308 1230 1346 omnia
1258 1316 1300 1346 ut
1330 1307 1418 1353 sint,

110 1375 215 1412 Nam
249 1373 344 1411 mihi
377 1374 496 1413 hodie
529 1374 668 1412 natalis
698 1374 782 1413 dies
811 1382 894 1422 est3
932 1375 1047 1413 decet
1076 1387 1165 1412 eum
1195 1373 1323 1412 omnis
1352 1386 1442 1411 con-

216 1439 423 1477 celebrare.

110 1505 278 1542 Pernam
317 1504 460 1541 callum
499 1503 701 1552 glandium
732 1516 870 1542 sumen
904 1502 1022 1541 facito
1056 1502 1096 1540 in
1129 1516 1232 1552 aqua
1264 1502 1442 1549 iaceant3

218 1568 318 1606 satin
346 1568 489 1606 audis?
570 1612 573 1617 ¹
1368 1569 1438 1616 165

112 1631 322 1683 Magnifice
342 1633 434 1671 uolo
455 1645 518 1671 me
539 1645 714 1670 summos
735 1631 839 1670 uiros
859 1631 1048 1681 accipere,
1071 1639 1114 1669 ut
1133 1631 1227 1669 mihi
1250 1644 1332 1670 rem
1357 1645 1442 1670 esse

217 1704 386 1735 reantur.

61 1779 91 1803 33
112 1763 222 1800 Intro
261 1760 365 1800 abite
403 1769 520 1810 atque
558 1762 784 1807 accelerate,
821 1773 871 1799 ne
909 1773 1019 1799 mora
1056 1773 1157 1810 quae
1196 1761 1256 1806 sit,
1291 1773 1440 1810 coquos

218 1838 339 1874 quom
368 1825 512 1863 ueniat.

112 1891 198 1939 Ego
224 1903 273 1928 eo
299 1889 338 1927 in
365 1891 585 1937 macellum,
613 1897 656 1928 ut
684 1889 850 1939 piscium
880 1889 1075 1940 quidquid
1104 1889 1152 1928 sit
1180 1889 1305 1940 pretio
1334 1902 1443 1941 prae-

218 1953 369 2001 stinem.

113 2019 145 2064 Ι,
175 2031 306 2068 puere,
335 2031 456 2068 prae3
493 2031 544 2057 ne
578 2017 786 2068 quisquam
820 2020 1031 2069 pertundat
1064 2020 1279 2078 Qam
1312 2020 1442 2058 cautio

218 2090 287 2121 est.

112 2148 192 2186 Uel
215 2146 421 2197 opperire3
459 2153 518 2186 est
546 2148 654 2197 quod
682 2147 791 2186 domi
819 2147 950 2186 dicere
978 2160 1106 2197 paene
1135 2147 1279 2186 oblitus
1308 2146 1373 2185 fui.

112 2211 305 2249 Auditin?
341 2211 468 2258 uobis,
499 2212 692 2257 mulieres,
722 2212 826 2250 hanc
854 2212 983 2250 habeo
1011 2211 1261 2250 edictionem.
1368 2224 1437 2260 171

62 2295 96 2317 40
113 2275 200 2313 Uos
226 2288 327 2325 quae
351 2275 391 2313 in
417 2275 620 2315 munditiis
646 2275 819 2314 mollitiis
846 2275 1074 2326 deliciisque
1095 2277 1306 2315 aetatulam
1327 2276 1439 2326 agitis
1487 2296 1490 2299 ·
