1747 2620
241 1175 273 1198 45

247 2078 276 2101 55

291 155 339 192 32
766 140 1045 180 PSEUDOL
1056 141 1132 180 US.
1311 138 1372 193 [11
1394 154 1427 188 2,
1452 108 1607 192 36—57

290 249 353 287 Ps.
410 249 499 287 Uae
537 247 630 287 tibi!
695 249 759 286 Tu
794 241 988 287 inuentu’s
1026 259 1131 294 uero,
1171 259 1300 286 meam
1337 247 1404 297 qui
1439 248 1609 286 furcilles

393 314 522 352 fidem.
964 349 967 350 γ
1588 350 1591 352 .

290 377 411 427 Quasi
438 377 533 415 mihi
562 389 642 415 non
671 384 849 416 sescenta
876 384 985 416 tanta
1013 376 1085 416 soli
1114 377 1266 416 soleant
1294 377 1452 416 credier.
1533 370 1634 427 635⁷

290 444 371 481 HA.
430 444 564 480 Potest
589 449 631 480 ut
657 441 722 479 alii
741 441 794 479 ita
813 441 1046 480 arbitrentur
1065 449 1104 480 et
1124 454 1198 491 ego
1218 448 1260 479 ut
1279 454 1330 482 ne
1346 442 1506 481 credam
1526 441 1608 480 tibi.

290 509 353 545 ΡΞ.
411 507 535 555 Quasi
563 514 605 544 tu
635 505 741 544 dicas
770 519 833 544 me
861 514 899 544 te
930 507 1031 544 uelle
1059 513 1221 555 argento
1249 504 1550 545 circumducere.

257 571 371 608 oHA.
430 571 559 608 Immo
592 582 685 609 uero
718 569 827 619 quasi
859 576 901 608 tu
933 569 1039 608 dicas
1073 571 1264 619 quasique
1298 581 1371 619 ego
1403 577 1535 608 autem
1569 569 1612 608 id
1671 600 1674 604 .

395 648 458 673 sus
490 648 576 674 icer.

290 701 367 740 Sed
400 648 494 751 quiid
527 710 585 740 est
619 700 689 741 tibi
723 702 900 740 nomen?
974 702 1037 739 Ps.
1096 701 1237 739 Seruos
1269 707 1329 739 est
1358 699 1450 738 huic
1478 699 1612 739 lenoni

396 767 537 816 Syrus3

291 831 393 868 Eum
423 843 507 869 esse
536 844 598 870 me
626 831 766 870 dicam.
817 832 931 880 Syrus
961 843 1058 869 sum.
1119 832 1198 868 HA.
1249 830 1395 880 Syrus?
1450 832 1511 868 Ps.
1564 828 1613 867 Id

396 904 454 935 est
482 909 627 935 nomen
656 895 760 934 mihi.
1535 896 1612 941 640

292 962 371 999 HA.
432 962 566 1000 Uerba
595 962 716 999 multa
743 959 928 1009 facimus;
966 973 1053 999 erus
1087 960 1118 999 si
1152 968 1241 998 tuus
1274 959 1383 998 domi
1416 967 1487 1006 est,
1518 958 1613 1009 quin

397 1039 599 1075 prouocas,

292 1092 349 1130 Ut
368 1090 409 1129 id
429 1104 538 1141 agam
561 1092 667 1140 quod
689 1090 826 1129 missus
847 1091 924 1128 huc
945 1103 1042 1135 sum,
1061 1088 1256 1139 quidquid
1276 1096 1333 1127 est
1353 1101 1498 1127 nomen
1519 1088 1616 1128 tibi?

292 1157 355 1193 Ps.
413 1155 452 1194 Si
480 1154 583 1193 intus
613 1162 726 1201 esset,
757 1167 971 1193 euocarem.
1034 1154 1185 1191 Uerum
1215 1152 1246 1191 si
1275 1153 1368 1191 dare
1397 1152 1457 1190 uis
1487 1151 1595 1198 mihi,
1633 1180 1639 1191 ,

294 1219 423 1269 Magis
451 1221 621 1258 solutum
651 1219 721 1257 erit
750 1231 869 1268 quam
899 1217 930 1256 si
959 1217 1033 1267 ipsi
1062 1217 1227 1256 dederis.
1298 1219 1377 1255 HA.
1427 1219 1480 1256 At
1509 1217 1614 1256 enim

399 1286 480 1324 scin
509 1285 605 1335 quid
634 1286 720 1323 est?

294 1350 476 1389 Reddere
514 1351 601 1396 hoc,
640 1361 721 1387 non
767 1350 938 1399 perdere,
979 1361 1066 1388 erus
1103 1361 1167 1398 me
1205 1348 1331 1396 misit3
1379 1361 1470 1386 nam
1508 1356 1615 1387 certo

399 1414 480 1453 scio
1308 1450 1315 1454 s
1407 1434 1412 1439 Α
1538 1414 1612 1462 645

296 1481 388 1517 Hoc
416 1478 554 1525 febrim
584 1478 653 1518 tibi
683 1491 780 1525 esse,
809 1478 901 1528 quia
930 1491 1010 1517 non
1040 1477 1130 1516 licet
1157 1479 1234 1515 huc
1260 1476 1403 1515 inicere
1428 1478 1615 1527 ungulas3

295 1545 378 1594 Ego
406 1543 480 1581 nisi
508 1543 582 1593 ipsi
612 1543 781 1581 Ballioni
811 1556 1015 1581 nummum
1045 1544 1204 1581 credam
1234 1541 1393 1580 nemini.

260 1629 276 1645 0
294 1611 357 1647 Ps.
415 1612 468 1647 At
495 1608 573 1647 illic
601 1621 707 1646 nunc
736 1608 1002 1658 negotiosust3
1040 1620 1100 1646 res
1129 1607 1253 1657 agitur
1281 1607 1384 1656 apud
1414 1606 1593 1645 iudicem.

295 1676 375 1712 HA.
435 1674 486 1712 Di
512 1675 613 1713 bene
640 1676 818 1712 uortant!
847 1683 886 1711 at
913 1686 996 1722 ego,
1025 1672 1186 1720 quando
1213 1684 1302 1710 eum
1332 1684 1417 1710 esse
1445 1672 1616 1710 censebo

401 1738 519 1785 domi,
1540 1739 1615 1786 649

297 1803 491 1851 Redier03
528 1811 569 1841 tu
598 1801 802 1852 epistulam
831 1803 931 1840 hanc
960 1815 983 1839 a
1011 1815 1073 1840 me
1103 1800 1237 1851 accipe
1265 1809 1383 1851 atque
1412 1800 1466 1839 illi
1499 1801 1616 1848 dato3

297 1869 399 1905 Nam
421 1867 506 1905 istic
525 1868 740 1916 symbolust
759 1866 858 1905 inter
879 1880 986 1905 erum
1007 1879 1139 1904 meum
1166 1873 1205 1904 et
1231 1874 1341 1904 tuum
1368 1865 1418 1903 de
1444 1866 1614 1903 muliere.

297 1933 360 1970 Ps.
417 1931 506 1970 Scio
550 1931 742 1981 equidem.
817 1930 896 1980 Qui
935 1938 1138 1980 argentum
1183 1930 1348 1968 adferret
1390 1937 1508 1979 atque
1552 1943 1616 1968 ex-

402 2008 575 2045 pressam
604 1995 814 2045 imaginem

300 2061 392 2098 Huc
420 2073 528 2098 suam
558 2061 609 2098 ad
637 2073 720 2106 nos,
751 2072 841 2097 curn
871 2071 919 2097 eo
948 2059 1076 2097 aiebat
1105 2059 1206 2096 uelle
1234 2056 1334 2095 mitti
1361 2058 1561 2095 mulierem
1575 2071 1586 2105 3

298 2125 401 2162 Nam
431 2124 493 2162 hic
521 2137 680 2173 quoque
709 2124 931 2172 exemplum
961 2121 1116 2172 reliquit
1144 2122 1234 2160 eius.
1307 2123 1388 2160 Ha.
1446 2122 1618 2161 Omnem

403 2200 483 2226 rem
513 2196 631 2225 tenes.

299 2253 361 2290 Ps.
419 2250 526 2299 Quid
555 2264 628 2301 ego
657 2250 696 2288 ni
725 2251 914 2288 teneam?
980 2251 1060 2287 HA.
1086 2250 1215 2287 'Dato
1245 2248 1370 2287 istunc
1396 2239 1618 2299 symbolum

404 2327 496 2365 ergo
524 2315 589 2353 illi.
663 2316 727 2353 Ps.
787 2314 907 2352 Licet.
1541 2314 1615 2363 655
