1747 2620
274 121 347 158 130
743 109 854 148 PSE
863 110 1021 148 (ωσι
1031 111 1107 149 US.

269 212 310 252 63
334 211 370 242 Ρ.
393 211 481 252 Lege
501 211 535 242 B
657 210 699 252 64
720 211 783 243 PS.
805 222 867 242 om.
887 211 921 242 B
1044 211 1083 252 65
1109 211 1217 243 suauis
1237 211 1393 244 sauiatico
1415 213 1456 251 B,
1480 212 1587 244 suauis

270 264 406 296 sauiatio
425 265 453 295 C
546 263 587 296 66
603 266 783 296 amantium
802 266 830 296 C
926 275 1099 306 corporum
1115 266 1148 296 B
1242 266 1284 297 68
1299 267 1383 297 abest
1397 277 1417 297 a
1432 267 1498 298 BC

272 326 312 358 70
327 317 456 348 Harum
469 317 535 348 BC
599 317 646 348 ibi
662 318 725 348 dea
801 328 838 357 7²
856 317 937 348 mihi
953 318 1117 349 intestauit
1134 318 1180 349 ibi
1196 323 1245 350 est
1312 327 1351 360 73
1366 320 1447 351 scibi
1462 320 1528 352 BC

272 380 312 412 74
325 370 503 401 simimules
519 371 551 401 B
651 371 690 411 76
708 371 797 411 Qum
813 371 846 402 B
941 372 1097 413 puniceos
1113 372 1145 403 B
1244 380 1282 413 77
1300 378 1457 413 exputant
1472 374 1505 404 Β

273 434 312 466 79
327 425 405 456 ades
474 426 515 456 80
532 424 572 455 C.
590 425 683 456 Eheu
700 424 896 456 antecedenti
910 435 1004 455 versu
1078 426 1113 456 P.
1136 426 1213 456 Heu
1286 426 1324 456 81
1344 425 1463 457 inueno
1478 427 1512 457 B

270 482 418 509 mutuum
439 476 596 519 pseudole
694 479 733 509 82
757 478 830 509 CA.
852 488 913 509 om.
1014 479 1053 509 82
1074 489 1120 519 sq.
1142 477 1253 509 ullust.
1275 478 1315 510 C.
1339 479 1421 509 eheu
1444 479 1505 510 Ille

271 532 313 572 84
328 532 443 562 adtuas
541 532 580 572 85
598 531 790 563 thensauros
808 532 838 562 Β
938 536 1047 563 uostra
1053 556 1129 563 ......
1135 536 1147 563 t
1163 533 1195 562 A
1298 532 1339 564 86
1355 532 1452 563 hodie
1468 532 1533 563 iam
1548 533 1589 564 de

271 594 324 615 me
339 589 387 616 est
402 585 468 616 BC
563 585 609 627 qd
625 586 658 616 B
755 590 849 626 potes
865 595 951 616 nunc
968 590 1114 616 mutuam
1130 586 1197 616 BC
1291 586 1330 625 87
1347 585 1458 616 darem
1474 586 1507 616 B

271 638 351 670 mihi
366 635 465 669 unam
480 639 546 670 BC
623 640 664 671 88
681 640 699 670 'e
714 638 742 670 si
822 639 863 679 89
879 638 978 680 quide
993 650 1012 670 a
1027 640 1093 670 BC
1171 639 1244 671 CA.
1264 650 1325 671 om.
1347 640 1381 670 B
1459 649 1501 681 90
1516 639 1586 672 CA.

271 701 332 722 om.
353 692 381 722 C
465 701 504 734 92
522 687 543 722 ἦ
561 690 635 733 (pro
650 691 690 733 si)
711 692 740 723 C
824 692 970 723 dederim
986 692 1052 723 BC
1135 702 1176 734 94
1193 692 1344 723 defrudes
1358 693 1392 724 B
1477 693 1591 723 drach-

271 755 360 776 mam
375 746 419 781 A,
436 745 616 776 drachuma
634 746 661 777 C
726 753 767 788 97
786 745 851 785 Qui
867 746 899 776 B
965 747 1005 788 98
1022 756 1087 786 quo
1103 745 1136 776 in
1151 747 1232 777 haee
1251 747 1279 777 C
1342 756 1383 787 99
1397 746 1529 777 libellae

276 810 336 832 100
350 800 409 832 PS.
429 811 489 831 om.
512 801 541 831 C
649 810 706 832 101
725 800 891 831 drachmis
906 802 936 831 A
946 801 982 836 C,
999 800 1139 832 dracmis
1158 801 1186 832 C
1290 806 1440 841 argentes
1455 801 1488 832 B

276 864 334 886 102
351 864 487 895 prouare
503 855 536 885 B
637 864 696 895 103
713 855 747 885 in
763 855 911 886 crebrum
928 854 1017 895 legas
1033 855 1063 885 A
1166 865 1225 894 104
1239 864 1306 885 non
1321 865 1382 885 om.
1399 855 1432 885 B
1534 863 1592 893 105

272 912 328 938 aut
343 907 413 938 haec
428 918 502 938 mea
613 917 670 949 107
688 908 773 940 unde
790 909 837 939 bz's
853 909 894 947 B,
915 913 963 939 ter
981 909 1008 939 C
1128 909 1187 940 108
1204 909 1328 939 futurus
1343 913 1391 939 est
1406 908 1473 940 BC

276 972 289 993 1
299 971 333 992 11
351 962 494 993 turbelas
508 962 539 993 A
655 972 667 993 1
677 972 712 994 12
730 967 803 993 sunt
820 973 933 993 omnes
949 973 1022 1003 spes
1038 962 1065 993 C
1175 960 1234 994 116
1250 962 1440 993 affecturum
1455 963 1489 993 B

272 1026 339 1057 quo
354 1016 419 1047 BC
536 1025 594 1057 117
612 1016 653 1048 C.
670 1017 806 1048 obsecro
821 1017 939 1048 hercle.
962 1017 999 1047 P.
1015 1016 1081 1047 BC
1200 1019 1257 1049 118
1275 1016 1422 1048 Dauisne
1535 1026 1595 1048 120

272 1080 368 1101 neces
383 1070 416 1101 B
516 1070 576 1101 tibi
592 1071 680 1112 prius
699 1071 728 1102 C
830 1080 888 1102 122
906 1070 1017 1102 Dicite
1118 1080 1246 1111 semper
1260 1081 1321 1101 om.
1339 1070 1405 1101 BC
1502 1075 1595 1111 potes

273 1124 339 1155 BC
407 1134 463 1164 125
482 1124 621 1156 Oculum
639 1130 746 1156 utrum
762 1135 848 1157 anne
863 1125 897 1156 in
913 1126 986 1162 BC,
1005 1125 1170 1157 Utr...nin
1186 1127 1217 1156 A
1289 1132 1347 1165 127
1364 1125 1488 1166 populo
1507 1125 1535 1156 C

278 1188 337 1221 129
352 1189 413 1210 nec
428 1179 461 1210 B
563 1190 622 1220 130
639 1179 688 1211 Sit
705 1184 797 1211 taceo
814 1181 856 1216 B,
874 1179 900 1210 si
917 1185 987 1211 tace
1008 1180 1036 1210 C
1129 1179 1239 1210 hercle
1254 1179 1389 1210 obsecro
1404 1181 1437 1211 A
1537 1189 1592 1220 131

273 1232 378 1264 leonis
397 1233 424 1264 C
509 1233 547 1265 C.
568 1233 601 1264 B
690 1244 747 1274 132
765 1233 895 1274 penitus
982 1233 1102 1274 periuri
1118 1234 1151 1265 B
1237 1234 1344 1275 capud
1364 1234 1392 1265 C

338 1286 532 1318 LORARI.
564 1287 626 1317 IV.
655 1287 715 1318 ET
744 1288 867 1318 IDEM
895 1288 947 1325 B;
977 1288 1114 1319 titulum
1139 1298 1200 1320 om.
1235 1288 1283 1327 C;
1313 1288 1442 1320 LENO
1469 1287 1596 1320 CALI-

276 1339 438 1372 DORUS
457 1340 741 1372 PSEUDOLUS
758 1342 789 1372 A
861 1351 919 1381 133
936 1342 1023 1382 agite
1039 1342 1083 1372 ite
1099 1342 1164 1373 BC
1230 1351 1290 1382 ¹34
1308 1352 1394 1373 nunc
1409 1352 1508 1383 quam
1522 1343 1556 1373 B

279 1403 337 1435 135
358 1394 506 1435 usurpari
521 1404 617 1424 usura
633 1395 666 1425 B
765 1392 823 1434 136
846 1395 964 1436 Neque
981 1405 1042 1436 ego
1059 1395 1201 1426 hominis
1297 1406 1464 1437 nunquam
1478 1397 1510 1427 A

279 1457 337 1488 137
354 1448 432 1478 dum
448 1448 514 1479 BC
584 1447 766 1489 flagritibae
785 1449 814 1480 C
893 1450 951 1489 138
968 1450 1060 1490 clepe
1075 1460 1134 1479 om.
1154 1450 1185 1480 A
1266 1459 1324 1490 139
1340 1449 1551 1491 harpagabile
1565 1450 1599 1480 B

275 1507 324 1533 est
339 1502 406 1543 fugi
422 1502 486 1533 hoc
502 1506 549 1533 est
566 1513 678 1533 eorum
695 1513 777 1544 opus
793 1503 857 1534 BC
946 1513 1006 1543 140
1026 1508 1061 1533 ut
1078 1502 1229 1533 induellis
1245 1503 1340 1544 lupus
1355 1504 1421 1534 BC
1509 1504 1598 1535 oveis

276 1567 374 1597 quam
390 1556 449 1587 hos
465 1556 555 1587 domi
571 1556 717 1598 linquere
734 1558 764 1588 A
873 1567 929 1596 141
954 1556 1091 1598 aspicies
1203 1566 1259 1597 142
1283 1557 1467 1589 edicionem
1481 1558 1515 1589 B

276 1612 444 1643 aduertitis
464 1611 491 1642 C
602 1622 660 1651 144
683 1616 757 1642 sunt
776 1611 804 1643 C
916 1622 973 1651 145
995 1617 1094 1652 atque
1114 1611 1142 1642 C
1249 1612 1441 1652 cumpanica
1460 1612 1495 1648 C,
1512 1623 1598 1643 eam-

276 1677 359 1708 paca
373 1667 407 1698 B
497 1665 556 1707 146
572 1666 707 1698 consilia
721 1667 788 1698 BC
875 1675 932 1706 147
949 1666 1019 1697 heri
1034 1677 1052 1696 a
1068 1676 1120 1697 me
1136 1665 1302 1697 dexteram
1324 1667 1351 1698 C
1432 1668 1492 1707 148
1507 1677 1598 1707 prae·

277 1721 337 1752 diti
352 1720 563 1761 neglegentes
579 1721 710 1761 ingenio
730 1721 870 1762 inprobo
891 1721 923 1751 Β
929 1721 957 1752 C
1044 1729 1100 1759 151
1126 1720 1202 1751 Hoc
1224 1720 1336 1751 uideas
1354 1720 1435 1752 alias
1454 1721 1499 1759 A,
1523 1721 1600 1752 Hoc

277 1774 354 1805 uide
369 1774 412 1805 sis
426 1779 462 1805 ut
478 1785 555 1806 auas
570 1774 614 1810 B,
631 1774 694 1806 hoc
710 1775 844 1806 uidisset
860 1773 902 1805 sis
918 1779 950 1805 at
967 1773 1047 1805 alias
1067 1773 1096 1804 C
1163 1783 1220 1814 152
1231 1778 1305 1815 post
1323 1783 1381 1815 153
1391 1773 1490 1814 ponit
1502 1774 1533 1804 A

282 1838 340 1869 153
361 1839 427 1869 qua
446 1828 479 1859 B
600 1828 664 1859 hoc
684 1839 745 1860 om.
771 1830 802 1860 A
938 1838 996 1868 154
1019 1827 1086 1867 Qui
1105 1827 1172 1859 BC
1302 1838 1359 1869 155
1382 1838 1435 1859 me
1455 1837 1537 1869 eque
1561 1827 1597 1865 C,

278 1894 332 1915 me
345 1906 353 1913 .
365 1894 431 1924 quo
446 1883 479 1913 Β
569 1882 628 1922 156
643 1884 732 1924 igere
747 1885 778 1914 A
860 1883 942 1914 scito
959 1883 999 1920 Β,
1020 1882 1085 1913 cito
1105 1882 1132 1914 C
1218 1885 1277 1922 158
1295 1883 1367 1914 LO.
1386 1893 1448 1913 om.
1525 1882 1599 1913 BA.

278 1947 341 1968 om.
366 1938 394 1968 C
520 1947 580 1968 uos
601 1948 731 1979 quoque
753 1937 829 1969 estis
850 1937 955 1978 plagis
976 1947 1089 1968 omnes
1213 1937 1272 1969 160
1293 1937 1347 1968 abi
1367 1947 1428 1968 om.
1455 1937 1483 1969 C

284 1991 341 2023 162
359 2002 399 2023 00
529 1999 676 2023 reuortor
799 1992 931 2023 offenda
951 1992 979 2023 C
1104 1990 1161 2032 163
1181 1991 1304 2024 Uorsas
1320 1996 1444 2032 praster
1459 1995 1602 2032 gastrata

279 2045 345 2076 BC
443 2045 597 2087 lautaque
613 2051 770 2087 coctaque
787 2046 898 2077 omnia
1009 2050 1082 2077 sunt
1103 2046 1131 2077 C
1244 2044 1303 2084 164
1323 2044 1429 2076 omnis
1444 2055 1503 2076 uos

281 2099 475 2131 concebrare
490 2101 523 2131 B
624 2100 681 2140 165
705 2101 846 2132 Paterna
864 2101 892 2132 C
990 2101 1114 2141 gallum
1219 2099 1279 2132 166
1301 2098 1468 2141 Magnfific
1483 2100 1514 2130 A

285 2152 343 2195 167
360 2158 456 2195 atque
472 2154 553 2185 haec
569 2153 633 2185 cito
650 2154 812 2186 celebrate
913 2155 1025 2186 ueniat
1042 2154 1122 2185 mihi
1229 2153 1287 2185 168
1303 2158 1351 2185 est
1450 2162 1601 2194 praesen-

281 2207 383 2238 tinem
453 2216 512 2248 170
528 2208 572 2238 sui
589 2208 709 2239 oblitus
779 2216 839 2249 174
855 2208 971 2250 capitis
1051 2218 1200 2249 quaeque
1216 2217 1293 2238 suae
1358 2216 1488 2238 summo
1507 2206 1536 2237 C

286 2268 344 2301 177
360 2260 421 2291 nisi
437 2271 540 2302 penus
555 2272 680 2293 annuus
696 2262 795 2292 hodie
811 2262 964 2293 conuenit
1051 2260 1257 2302 prosituauos
1272 2260 1305 2291 B
1395 2260 1454 2299 178
1471 2258 1540 2290 sitis

287 2324 346 2357 179
360 2315 436 2347 estis
452 2315 569 2357 quibus
585 2316 673 2348 sauia
689 2317 835 2347 mamilla
900 2315 1015 2347 mellill
1027 2317 1071 2354 A,
1089 2315 1232 2347 mellitae
1243 2316 1276 2346 B
1281 2314 1309 2346 C
1375 2315 1435 2346 180
1451 2313 1602 2354 Manipu-
