1747 2620
505 259 973 301 ARGUMENTUM
1018 259 1049 300 1.

115 366 359 406 'Praesentis
388 375 566 406 numerat
596 365 822 416 quindecim
853 365 964 404 miles
993 364 1143 414 minas3

114 431 243 470 Simul
272 430 476 481 consignat
505 432 736 481 symbolum,
768 438 811 468 ut
840 429 1096 468 Phoenicium

113 495 171 534 Ei
199 497 266 534 det
295 498 384 534 leno
414 495 480 546 qui
510 509 597 534 eum
627 508 716 532 cum
746 494 892 532 relicuo
921 495 1080 532 adserat.

114 559 359 598 venientem
388 561 563 598 caculam
593 559 811 598 interuortit
841 559 1021 608 symbolo

115 625 266 664 Dicens
297 627 432 675 Syrum
463 638 503 663 se
533 624 720 663 Ballionis
750 625 968 663 Pseudolus

115 689 327 739 Opemque
357 689 437 728 erili
466 689 519 727 ita
547 690 658 737 tulit3
696 702 788 726 nam
819 688 963 728 Simiae

115 754 235 793 Leno
263 754 473 800 mulierem,
505 766 621 804 quem
649 753 681 792 is
710 752 928 802 supposuit,
958 751 1126 791 tradidit.

116 818 244 857 Uenit
274 820 437 867 Harpax
465 831 602 866 uerus3
640 831 700 856 res
729 819 858 867 palam
888 816 1138 867 cognoscitur

114 882 329 934 'Senexque
357 889 559 932 argentum
587 883 695 932 quod
724 890 804 921 erat
832 890 970 932 pactus
998 881 1179 920 reddidit.

495 1114 964 1157 ARGUMENTUM
1009 1114 1068 1156 II.

116 1222 327 1262 Calidorus
356 1223 576 1260 meretricem
604 1222 814 1259 adulescens
841 1222 1086 1260 Plzoemkium

120 1286 304 1324 Efflictim
334 1286 545 1336 deperibat,
576 1299 825 1324 nummorum
856 1285 1023 1336 indigus,

121 1352 300 1390 Eandem
330 1351 450 1398 miles,
477 1351 548 1400 qui
578 1351 714 1401 uiginti
745 1350 945 1389 mulierem

121 1415 242 1455 Minis
272 1424 465 1454 mercatus
494 1415 600 1460 abiit,
632 1415 747 1453 soluit
776 1415 1013 1464 quindecim.

121 1482 300 1519 Scortum
327 1480 482 1530 reliquit
510 1482 562 1519 ad
590 1482 773 1520 lenonem
802 1494 849 1519 ac
878 1482 1112 1530 symbolum,

121 1545 190 1590 Ut,
220 1544 286 1595 qui
310 1544 516 1582 adtulisset
545 1544 698 1594 signum
727 1544 852 1582 simile
880 1553 1012 1582 cetero

122 1609 224 1647 Cum
254 1609 390 1658 pretio,
421 1623 555 1648 secum
579 1611 768 1649 -aueheret
797 1617 972 1658 emptam
1002 1609 1213 1647 mulierem.

123 1674 221 1711 Mox
249 1672 388 1711 missus
416 1680 458 1710 ut
486 1674 702 1723 prehendat
731 1681 900 1712 scortum
931 1686 954 1711 a
982 1673 1104 1712 milite

123 1739 246 1777 Uenit
273 1739 420 1776 calator
448 1737 622 1776 militaris
636 1752 646 1786 3
685 1751 774 1776 eum
802 1739 900 1775 dolis

122 1801 359 1851 Adgreditur
386 1802 647 1840 adulescentis
677 1814 809 1840 seruos
839 1800 1058 1839 Pseudolus

121 1868 344 1916 Tamquam
372 1866 525 1905 lenonis
553 1867 739 1913 atriensis,
771 1867 991 1916 symbolum

121 1932 259 1969 Aufert
287 1931 493 1980 minasque
522 1931 695 1980 quinque
724 1939 906 1980 acceptas
934 1938 1091 1969 mutuas

124 1997 205 2033 Dat
233 1993 431 2032 subditiuo
460 1996 620 2033 caculae
648 2008 737 2032 cum
767 1995 957 2045 symbolo.

123 2062 329 2097 Lenonem
357 2059 454 2096 fallit
483 2060 771 2108 sycophantans
800 2061 958 2107 cacula3

124 2125 261 2162 Scorto
290 2123 496 2163 Calidorus
525 2124 681 2173 potitur,
712 2124 804 2162 uino
834 2125 1062 2162 Pseudolus.

627 2227 639 2248 ²
665 2227 792 2259 Iambic
816 2227 946 2259 senarii.

1404 1814 1451 1838 10

1405 2134 1449 2173 15
