1747 2620
171 109 209 144 V
232 125 264 156 2,
288 108 461 162 38—50]
650 111 930 150 PSEUDOL
940 112 1016 150 US.
1453 112 1501 158 63

171 212 224 249 S1.
266 212 358 249 Non
377 212 510 258 audes,
533 224 692 262 quaeso,
715 211 885 262 aliquam
905 219 1055 262 partem
1078 211 1171 250 mihi
1191 211 1352 262 gratiam
1374 213 1500 251 facere

278 275 456 326 argenti?
1401 287 1499 325 1325

172 341 235 378 Ps.
286 341 392 385 Num
431 354 495 380 me
532 341 639 380 dices
677 340 838 379 auidum
879 354 964 379 esse
1002 342 1232 380 hominem?
1279 353 1371 379 nam
1410 341 1501 378 hinc

276 416 491 454 numquam
520 405 594 444 eris
623 418 786 444 nummo
815 405 982 444 diuitior.

118 483 151 506 40
171 469 311 516 Neque
337 477 375 508 te
401 469 477 508 mei
503 469 598 519 tergi
626 469 836 516 misereret,
859 469 889 508 si
916 471 992 508 hoc
1019 482 1099 507 non
1119 468 1238 507 hodie
1258 468 1494 507 ecfecissem.

168 533 221 570 SI.
262 534 344 571 Erit
365 533 433 572 ubi
453 541 491 572 te
510 533 683 581 ulciscar,
702 533 733 572 si
753 532 855 571 uiuo.
907 535 970 572 Ps.
1003 532 1112 582 Quid
1132 533 1341 571 minitare?
1368 533 1498 571 habeo

275 604 436 647 tergum.

168 660 220 699 S1.
261 663 346 710 Age
376 674 470 700 sane
500 660 621 711 igitur.
682 663 743 700 Ps.
788 661 901 699 Redi.
961 662 1011 700 S1.
1054 660 1164 710 Quid
1192 661 1381 700 redeam?
1433 662 1495 699 Ps.

276 726 379 764 Redi
407 727 552 774 modo3
590 739 670 764 non
702 725 773 764 eris
804 726 1003 775 deceptus.

167 791 220 828 S1.
275 791 425 830 Redeo.
496 793 559 829 ΡΞ.
614 792 747 829 Semul
777 804 933 829 mecum
962 792 979 828 z·
1004 797 1196 840 potatum.
1255 790 1307 828 S1.
1360 790 1498 839 Egone

273 857 391 894 eam?
465 857 528 894 Ps.
588 857 665 894 Fac
696 857 804 905 quod
833 863 871 894 te
901 856 1043 904 iube03
1397 867 1497 903 1330

167 919 206 958 Si
227 919 269 965 is,
290 927 358 959 aut
378 920 585 959 dimidium
606 928 673 959 aut
693 922 781 971 plus
801 920 918 959 etiam
938 922 1027 959 faxo
1047 920 1139 958 hinc
1159 921 1267 958 feres.
1327 920 1379 958 S1.
1412 920 1472 957 Eo
1486 934 1497 968 5

272 985 351 1023 duc
378 998 443 1023 me
472 997 552 1034 quo
581 984 651 1023 uis.

114 1043 229 1087 4ffs.
289 1048 396 1098 Quid
425 1051 561 1088 nunc?
599 1062 693 1087 num
724 1050 820 1098 quid
850 1049 965 1087 iratus
996 1061 1038 1087 es
1066 1056 1132 1087 aut
1161 1047 1255 1085 mihi
1285 1056 1352 1086 aut
1381 1048 1460 1087 filio

167 1116 330 1164 Propter
358 1115 427 1152 has
456 1126 526 1160 res,
549 1113 685 1152 Simo?
749 1115 802 1151 S1.
853 1113 959 1151 Nihil
988 1114 1175 1163 profecto.
1246 1114 1309 1150 ΡΞ.
1361 1113 1380 1149 Ι
1410 1112 1492 1149 hac.

164 1179 216 1215 Sr.
275 1180 334 1216 Te
363 1190 514 1226 sequor.
575 1177 681 1226 Quin
709 1190 828 1215 uocas
858 1183 1096 1226 spectatores
1125 1175 1270 1214 simul?

165 1244 229 1280 Ps.
289 1242 434 1280 Hercle
464 1254 527 1280 me
556 1240 619 1279 isti
648 1241 753 1280 haud
787 1241 914 1279 solent
948 1252 1102 1286 uocare,
1133 1252 1262 1288 neque
1297 1251 1387 1289 ergo
1421 1250 1494 1287 ego

271 1305 375 1343 istos.
1394 1313 1490 1352 1335

165 1370 315 1408 Uerum
344 1368 459 1425 sultis¹
482 1370 720 1418 adplaudere
749 1376 867 1419 atque
895 1370 1113 1419 adprobare
1142 1369 1246 1406 hune

114 1451 145 1474 50
164 1436 331 1485 Gregem
362 1441 401 1473 et
428 1435 613 1481 fabulam,
644 1434 684 1472 in
714 1434 922 1472 crastinum
952 1446 1024 1472 uos
1053 1432 1219 1472 uocabo.
