1747 2620
292 139 338 175 16
700 155 709 163 κ
766 133 1132 188 PSEUDOLUS
1205 109 1208 115 ’
1338 131 1614 184 [13,25—49

239 257 269 279 25
290 242 360 279 BA.
421 239 593 287 Licetne,
626 240 802 284 obsecro,
834 238 955 276 bitere
976 251 1034 277 van
1064 250 1144 275 non
1173 236 1292 275 licet?
1368 237 1432 275 Ca.
1492 237 1596 282 Uah,

289 306 438 342 Manta.
516 305 584 341 ΒΑ.
614 328 619 331 ψ
645 303 805 341 Omitte.
883 303 953 340 CA.
995 301 1150 346 Ballio,
1180 301 1281 338 audi.
1541 302 1614 350 256

235 415 240 421 ί
289 370 358 405 ΒΑ.
416 368 564 405 Surdus
594 379 680 414 sum
708 367 886 414 profecto
915 364 1033 402 inani.
1091 363 1190 413 Logi
1218 365 1346 401 istaec:

289 433 360 471 CA.
420 430 535 477 Dedi,
565 431 659 468 dum
689 429 770 467 fuit.
847 431 917 467 BA.
977 430 1070 467 Non
1100 436 1192 478 peto
1222 429 1328 477 quod
1356 427 1509 466 dedisti.

289 496 360 534 CA.
422 494 550 540 Dabo,
582 492 741 543 quando
771 491 850 530 erit.
928 493 997 529 BA.
1057 486 1215 537 Duoito',
1245 492 1406 540 quando
1439 490 1616 529 habebis.

238 576 270 599 30
290 561 361 598 CA.
422 559 544 604 Eheu,
575 570 693 606 quam
719 570 796 613 vego
827 556 938 594 malis
967 556 1122 605 perdidi
1153 555 1280 593 modis
1541 556 1617 593 260

291 623 411 671 Quod
439 621 508 660 tibi
537 621 660 659 detuli
690 629 728 659 et
757 622 865 670 quod
894 620 996 659 dedi.
1073 622 1141 658 ΒΑ.
1202 621 1361 658 Mortua

290 688 424 726 Uerba
452 700 492 725 re
522 699 627 724 nune
655 686 749 723 facis
766 700 774 731 ;
812 686 951 723 stultus
981 698 1034 731 es,
1064 697 1146 723 rem
1175 692 1304 722 actam
1333 683 1422 734 agis.

291 753 367 800 Ps,
413 753 545 790 Nosce
574 753 713 789 saltem
742 751 847 787 hunc
875 749 961 797 quis
991 757 1060 788 est.

290 818 361 854 BA.
421 817 506 854 Iam
531 816 598 854 diu
623 816 704 853 scio
728 814 795 870 qui
818 816 914 862 fuit3
942 827 1047 852 nunc
1071 815 1136 864 qui
1161 814 1209 852 sit
1232 814 1339 864 ipsus
1362 815 1472 854 sciat.
1527 816 1619 852 Am-

397 881 488 919 bula
517 888 568 918 tu.

239 946 354 990 35‘Ps.
413 944 530 982 Potin
568 950 611 980 ut
656 943 778 981 semel
804 943 957 988 ,modo,
999 942 1134 987 Ballio,
1176 943 1253 980 huc
1291 956 1380 980 cum
1419 944 1527 981 lucro
1565 956 1620 980 re—

397 1007 568 1057 spicias?
1544 1009 1616 1056 265

292 1074 361 1110 BA.
422 1071 667 1121 ¹Respiciam
697 1071 795 1109 istoc
825 1070 975 1120 preti03
1022 1083 1114 1108 nam
1148 1071 1179 1108 si
1214 1071 1429 1108 sacrificem
1464 1082 1619 1108 summo
1657 1113 1661 1117 p

398 1136 486 1175 Ioui

290 1203 420 1249 Atque
450 1200 489 1237 in
518 1200 698 1238 manibus
727 1206 999 1252 exta‘teneam
1026 1205 1069 1236 ut
1098 1198 1318 1247 porriciam,
1349 1198 1497 1237 interea
1525 1198 1602 1237 loci

291 1265 329 1304 Si
358 1264 454 1302 lucri
482 1265 577 1313 quid
607 1265 729 1310 detur,
761 1263 891 1313 potius
919 1276 1000 1300 rem
1031 1263 1208 1300 diuinam
1238 1264 1425 1301 deseram.

292 1331 385 1366 Non
414 1337 544 1378 potest
572 1327 708 1377 pietati
737 1327 876 1365 obsisti
905 1327 1006 1372 huie,
1038 1334 1080 1364 ut
1109 1340 1170 1365 res
1200 1336 1290 1364 sunt
1320 1335 1482 1365 ceterae.

240 1415 273 1437 40
291 1394 354 1430 Ps.
415 1394 523 1431 Deos
557 1393 729 1441 quidem,
767 1404 878 1448 quosx
904 1403 1089 1428 maxume
1127 1394 1298 1439 aequom
1336 1398 1394 1430 eSt
1433 1398 1619 1437 metuere,

397 1470 465 1495 eos
494 1457 659 1494 minumi
687 1456 789 1493 facit.
832 1484 838 1486 v
1545 1467 1620 1503 270

292 1525 363 1561 BA.
423 1522 679 1571 Conpellabo.
739 1522 1060 1569 Saluen'sultum,
1090 1533 1201 1559 serue
1231 1521 1396 1560 Athenis
1425 1533 1618 1570 pessume.

290 1589 352 1625 Ps.
413 1588 463 1624 Di
494 1595 531 1624 te
561 1587 738 1634 deaeque
767 1592 899 1622 ament
928 1585 992 1622 uel
1020 1584 1132 1622 huius
1162 1584 1348 1622 arbitratu
1379 1585 1586 1631 uel·meo;

291 1653 379 1697 Uel,
405 1650 437 1690 si
461 1651 610 1700 dignu's
640 1651 716 1688 alio
745 1657 875 1699 pacto,
906 1662 1036 1698 neque
1065 1657 1200 1686 ament
1229 1662 1303 1687 nec
1332 1649 1477 1687 faciant
1505 1650 1618 1688 bene.

293 1718 360 1754 BA.
422 1716 529 1764 Quid
558 1715 691 1765 agitur,
724 1715 936 1753 Calidore?
1010 1714 1081 1753 CA.
1140 1716 1307 1751 Amatur
1334 1721 1453 1762 atque
1487 1721 1621 1763 egetur

397 1779 542 1818 acriter.
685 1782 688 1786 ’

239 1867 271 1891 45
292 1847 362 1883 BA.
422 1844 619 1890 Misereat‚
652 1843 682 1882 si
711 1842 896 1895 familiam
927 1843 1028 1880 alere
1058 1841 1206 1891 possim
1236 1841 1511 1880 misericordia.
1545 1853 1616 1891 275

291 1912 356 1948 Ps.
415 1909 530 1955 Heia,
562 1909 706 1947 scimus
730 1921 803 1946 nos
827 1906 987 1956 quidem
1011 1914 1049 1944 te
1075 1906 1199 1955 qualis
1225 1905 1298 1953 sis3
1330 1919 1379 1944 ne
1402 1906 1616 1955 praedices.

290 1975 367 2013 Sed
393 1975 475 2012 scin
499 1973 593 2022 quid
616 1986 688 2011 nos
713 1973 925 2010 uolumus?
987 1973 1057 2009 BA.
1109 1973 1180 2009 Pol
1204 1984 1276 2021 ego
1296 1985 1416 2021 prope
1436 1972 1619 2010 modum:

396 2046 439 2076 ut
468 2039 569 2076 male
598 2037 646 2076 sit
676 2037 782 2074 mihi.

291 2106 354 2142 Ps.
413 2105 464 2141 Et
502 2103 561 2141 id-
581 2110 619 2140 et
653 2104 730 2141 hoc
764 2103 872 2151 quod
901 2109 940 2140 te
973 2113 1226 2147 reuocamusj
1266 2113 1413 2149 quaeso
1443 2100 1620 2138 animum

398 2167 569 2205 aduorte.
645 2167 721 2204 Ba.
781 2165 925 2203 Audio.
1568 2161 1571 2164 ’

290 2233 423 2281 Atque
448 2230 488 2268 in
515 2243 650 2280 pauca,
674 2237 715 2267 ut
743 2236 957 2278 occupatus
983 2241 1089 2266 nunc
1116 2241 1215 2275 sum,
1236 2229 1370 2267 confer
1396 2228 1491 2278 quid
1510 2227 1617 2267 uelis.

661 2305 673 2325 1
697 2304 858 2337 Trochaic
874 2304 1050 2346 septenarii
1068 2303 1248 2347 266—394.
