1747 2620
256 137 279 173 8
731 119 1010 176 PSJEUDOL
1021 138 1097 177 US.
1172 168 1175 175 .
1281 137 1316 192 [1
1343 153 1373 187 1,
1398 143 1579 191 76—103

256 241 326 280 CA.
387 240 494 288 Quid
521 240 604 279 ita?
670 241 734 278 Ps.
792 241 928 280 Genus
957 249 1133 280 nostrum
1162 255 1315 292 semper
1342 243 1580 283 siccoculum

361 303 443 342 fuit.

257 369 329 407 CA.
387 367 547 407 Nihilne
572 368 758 407 adiuuare
782 382 846 408 me
869 370 1022 408 audes?
1077 372 1140 409 Ps.
1186 371 1294 420 Quid
1319 373 1459 412 faciam
1482 373 1582 414 tibi?

210 435 217 442 *
258 433 329 471 CA.
388 433 525 470 Eheu!
599 433 663 471 Ps.
720 433 869 471 Eheu?
904 432 945 472 id
982 433 1143 483 quidem
1180 435 1321 483 hercle,
1360 449 1411 475 ne
1447 438 1582 487 parsis,

365 496 478 534 dabo.
1276 506 1279 509 '
1530 504 1581 540 80

257 561 328 600 CA.
389 559 510 598 Miser
539 572 650 609 sum3
687 568 891 609 argentum
921 575 1113 612 nusquam
1143 563 1303 604 inuenio
1331 572 1509 605 mutuum

224 649 240 665 0
259 616 321 663 Ps.
383 625 506 663 Eheu.
589 626 655 663 Ca.
714 627 856 675 Neque
883 625 988 666 intus
1021 640 1204 667 nummus
1237 630 1338 667 ullus
1370 637 1439 669 est.
1513 632 1582 669 Ps.

364 690 489 727 Eheu.

263 754 328 792 Ca.
388 755 462 792 Ille
490 755 728 793 abducturus
757 762 816 794 est
843 755 1044 795 mulierem
1072 770 1166 797 cras.
1242 746 1307 797 Ps.
1363 759 1486 797 Eheu.

258 819 329 857 CA.
389 817 563 857 Istocine
608 826 725 868 pacto
771 832 836 858 me
881 819 1072 861 adiuuas?
1146 824 1210 861 Ps.
1274 824 1339 861 Do
1384 822 1427 862 id
1472 824 1582 872 quod

363 882 458 920 mihi
486 891 544 922 est
557 898 568 931 3

258 950 361 986 Nam
390 948 421 986 is
451 948 546 986 mihi
575 949 806 987 thensaurus
834 948 932 999 iugis
960 949 1001 988 in
1029 955 1161 989 nostra
1189 959 1247 991 est
1275 952 1407 992 domo.
1531 954 1579 1003 85

258 1014 330 1052 CA.
387 1015 533 1051 Actum
563 1020 620 1051 est
650 1014 700 1052 de
728 1027 792 1052 me
820 1013 909 1052 iam.
967 1015 1044 1053 Sed
1072 1024 1184 1065 potes
1212 1023 1255 1055 tu
1282 1025 1458 1056 mutuam

227 1099 238 1121 5
258 1077 521 1115 Drachurnam
553 1078 646 1116 dare
675 1090 793 1116 unam
823 1077 931 1124 mihi,
961 1091 1081 1128 quam
1109 1092 1193 1118 cras
1221 1081 1385 1119 reddam
1413 1080 1513 1120 tibi?

260 1144 322 1180 Ps.
382 1142 462 1180 Uix
490 1143 620 1180 hercle
648 1142 800 1191 opinor,
831 1142 862 1180 si
892 1155 954 1181 me
983 1156 1183 1193 opponam
1211 1144 1373 1195 pignori.

257 1207 335 1246 Sed
363 1205 457 1255 quid
486 1218 532 1244 ea
560 1206 773 1244 drachuma
800 1207 928 1246 facere
956 1207 1046 1245 uis?
1101 1209 1174 1247 CA.
1232 1209 1385 1247 Restim
1413 1211 1506 1248 uolo

259 1271 359 1309 Mihi
389 1283 529 1309 emere.
587 1271 650 1309 Ps.
702 1271 832 1320 Quam
862 1271 913 1310 ob
941 1273 1054 1311 rem?
1109 1273 1181 1312 CA.
1233 1272 1312 1322 Qui
1345 1287 1409 1313 me
1441 1274 1582 1313 faciam

364 1337 566 1387 pensilem.
1000 1368 1007 1371 «
1533 1353 1582 1389 90

258 1404 419 1442 Certum
449 1410 507 1441 est
536 1402 631 1440 mihi
659 1409 750 1442 ante
777 1403 957 1442 tenebras
986 1405 1165 1442 tenebras
1193 1402 1384 1454 persequi.

207 1487 240 1512 90
259 1469 321 1506 Ps.
380 1467 478 1515 Quis
507 1466 602 1505 mihi
630 1466 745 1517 igitur
772 1468 1027 1506 drachumam
1055 1469 1205 1515 reddet,
1236 1469 1268 1508 si
1303 1470 1450 1508 dedero
1483 1469 1584 1509 tibi?

257 1533 322 1568 An
350 1538 391 1569 tu
421 1539 458 1569 te
487 1543 533 1569 ea
561 1544 679 1569 causa
706 1531 765 1569 uis
795 1530 921 1570 sciens
950 1533 1197 1582 suspendere,

258 1597 316 1634 Ut
344 1609 407 1634 me
436 1596 627 1642 defrudes‚
659 1596 915 1634 drachumam
943 1596 975 1635 si
1004 1597 1179 1636 dederim
1208 1597 1308 1636 tibi?

259 1662 330 1699 CA.
392 1662 572 1699 Profecto
600 1662 708 1699 nullo
737 1669 855 1711 pacto
883 1674 1045 1711 possum
1074 1662 1217 1711 uiuere,
1532 1675 1580 1715 95

258 1725 297 1763 Si
325 1725 391 1763 illa
418 1739 442 1763 a
469 1739 533 1764 me
562 1724 801 1764 abalienatur
828 1733 947 1776 atque
973 1727 1193 1766 abducitur.

227 1809 239 1831 5
261 1792 321 1828 Ps.
382 1791 489 1839 Quid
518 1791 597 1837 fles,
629 1791 797 1829 cucule?
834 1790 955 1829 uiues.
1023 1793 1094 1832 CA.
1150 1791 1257 1842 Quid
1284 1805 1358 1843 ego
1385 1793 1425 1832 ni
1454 1793 1580 1840 fleam,

260 1855 365 1904 Quoi
394 1869 467 1894 nec
496 1864 648 1906 paratus
679 1869 860 1894 nummus
888 1857 1037 1906 argenti
1066 1856 1137 1896 siet

260 1921 400 1969 Neque
429 1920 573 1959 libellai
602 1933 690 1970 spes
720 1920 768 1958 sit
797 1933 962 1969 usquam
989 1922 1195 1971 gentium?

261 1985 324 2022 Ps.
383 1985 440 2022 Ut
469 1984 681 2023 litterarum
711 1997 784 2034 ego
812 1986 950 2023 harum
980 1997 1202 2024 sermonem
1230 1984 1358 2032 audiO,
1510 1998 1583 2024 100

261 2048 347 2086 Nisi
377 2057 417 2086 tu
445 2048 500 2086 illi
529 2049 710 2087 lacrumis
739 2049 892 2087 fleueris
920 2050 1126 2099 argenteis,

261 2113 382 2161 Quod
410 2120 452 2150 tu
481 2112 562 2151 istis
591 2112 774 2152 lacrumis
802 2120 843 2152 te
871 2114 1036 2162 probare
1064 2114 1100 2152 ei
1128 2115 1315 2163 postulas,

261 2177 355 2215 Non
382 2178 500 2226 pluris
528 2178 642 2215 refert
672 2190 790 2226 quam
818 2176 851 2216 si
878 2176 1044 2216 imbrem
1073 2177 1114 2215 in
1141 2177 1308 2216 cribrum
1336 2190 1456 2228 geras.

260 2241 413 2279 Uerum
442 2253 514 2290 ego
543 2248 582 2279 te
610 2249 819 2287 amantem,
849 2253 900 2279 ne
928 2254 1041 2290 paue,
1070 2254 1152 2280 non
1180 2242 1368 2280 deseram.

261 2302 384 2354 Spero
412 2305 594 2344 alicunde
621 2304 740 2345 hodie
769 2317 833 2344 me
861 2305 966 2345 bona
993 2317 1115 2355 opera
1142 2311 1208 2343 aut
1235 2317 1317 2345 non
1344 2306 1452 2345 bona
1509 2316 1579 2356 105
