1747 2620
114 156 130 192 Ι
155 168 189 203 3,
213 151 386 206 50—73]
589 153 867 193 PSEUDOL
878 154 956 192 US.
1392 165 1436 202 17

59 284 93 308 ⁵0
113 259 174 296 Ps.
226 258 348 294 Hune
368 257 503 305 pudet,
521 257 628 305 quod
648 254 921 305 tibi‘promis'in
941 261 1182 305 quamquam
1202 254 1242 293 id
1262 255 1440 304 promisit

217 320 297 368 diu,
788 348 793 351 -
830 318 838 321 Ἴ
1366 321 1439 356 280

112 383 216 434 Quia
244 385 370 423 minas
399 384 536 435 uiginti
565 385 635 423 tibi
665 397 737 434 pro
765 383 893 422 amica
922 397 1001 422 non
1032 384 1150 422 etiam
1178 383 1298 421 dedit.

112 452 182 488 BA.
241 449 374 488 Nimio
398 450 439 488 id
466 451 573 498 quod
596 444 719 499 pudet
743 449 893 486 facilius
919 450 1039 487 fertur
1064 461 1181 498 quam
1208 447 1305 486 illud
1331 449 1439 497 quod

216 514 333 565 piget.

96 582 205 618 ,Non
233 579 390 618 dedisse
420 580 546 617 istunc
574 579 721 628 pudet3
759 593 822 617 me
852 580 943 628 quia
973 592 1053 617 non
1082 577 1219 627 accepi
1249 576 1365 627 piget.

112 646 174 683 Ps.
231 646 284 682 At
312 644 434 690 dabit,
465 643 639 693 parabitj,
677 642 829 692 aliquos
858 645 930 681 hos
960 643 1044 681 dies
1072 641 1208 679 manta
1237 642 1382 691 modoj

63 725 93 748 ss
112 709 215 746 Nam
264 708 302 746 id
350 706 413 745 hie
459 707 609 753 metuit,
639 720 710 753 ‘ne
757 708 863 745 illam
908 709 1057 745 uendas
1102 707 1155 744 ob
1203 706 1439 744 simultatem

218 787 337 812 suam.
1364 773 1436 820 285

111 840 181 876 BA.
240 837 329 875 Fuit
349 837 515 884 occasio,
539 838 570 875 si
590 838 719 883 uellet3
741 837 819 874 iam
840 836 991 886 pridem
1017 843 1222 885 argentum
1249 843 1292 873 ut
1319 836 1437 873 daret.

111 903 182 941 CA.
243 897 350 950 Quid
390 902 420 939 si
461 914 541 940 non
580 901 727 940 habui?
815 903 884 939 BA.
953 900 993 938 Si
1032 901 1204 946 amabas,
1246 900 1440 938 inuenires

215 973 396 1003 mutuum
410 981 420 1013 3

111 1033 177 1075 Ad
203 1031 396 1070 danistam
426 1031 644 1078 deuenires,
675 1032 840 1070 adderes
868 1031 1135 1069 faenusculum
1151 1045 1162 1078 3

111 1097 341 1145 Surruperes
370 1096 479 1145 patri.
538 1098 601 1134 ΡΞ.
647 1097 873 1144 Surruperet
903 1095 967 1132 hie
996 1094 1106 1143 patri,
1137 1093 1441 1132 audacissume?

61 1162 205 1199 60N0n
244 1160 433 1210 periclum
474 1153 619 1198 estne
657 1159 751 1208 quid
789 1147 894 1196 recte
932 1165 1133 1195 monstres.
1181 1196 1187 1198 r
1220 1159 1289 1197 BA.
1348 1159 1441 1195 Non

217 1226 417 1264 lenonium
447 1233 516 1277 est.
751 1241 755 1244 ²
1366 1235 1441 1271 290

112 1291 184 1329 CA.
242 1290 356 1338 Egon
393 1283 494 1338 patri
532 1301 733 1338 surrupere
767 1287 915 1336 possim
950 1286 1172 1336 quicquam,
1209 1293 1289 1324 tam
1324 1294 1441 1323 cauto

216 1352 328 1391 seni?
892 1378 898 1383 ,
1128 1380 1148 1390 x

111 1420 241 1467 Atque
260 1417 374 1464 adeo,
395 1416 426 1454 si
445 1417 572 1456 facere
592 1402 762 1466 possem,
782 1416 910 1470 pietas
928 1415 1122 1465 prohibet.
1173 1416 1243 1453 BA.
1286 1414 1417 1466 Audio
1431 1429 1441 1462 3

113 1481 302 1519 Pietatem
330 1493 421 1529 ergo
450 1479 837 1528 istam,amplexator
865 1486 986 1517 noctu
1016 1475 1086 1528 pro
1117 1478 1343 1516 Phoenicio.
1403 1481 1418 1485 ’

111 1545 189 1583 Sed
218 1557 338 1593 quom
367 1544 551 1593 pietatem
580 1550 614 1581 te
641 1543 764 1582 amori
792 1542 911 1581 uideo
941 1551 1009 1581 tuo
1039 1548 1298 1592 praeuortere,

61 1618 93 1648 65
113 1610 262 1647 Omnes
288 1609 454 1645 homines
479 1608 550 1646 tibi
575 1612 705 1658 patres
726 1609 846 1645 sunt?
873 1608 1002 1645 nullus
1023 1596 1080 1644 est
1102 1606 1170 1644 tibi
1191 1619 1309 1656 quem
1330 1619 1441 1656 roges

113 1674 322 1726 Mutuum(
345 1674 578 1722 argentum?
665 1673 738 1712 CA.
811 1672 917 1720 Quin
965 1685 1112 1710 nomen
1160 1685 1318 1727 quoque
1365 1672 1441 1709 iam

219 1736 365 1775 interiit
394 1745 584 1775 mutuum.
634 1735 637 1737 ’
909 1741 914 1744 '
1368 1739 1440 1786 296

113 1799 200 1853 [BA.
257 1803 311 1839 At
341 1802 371 1839 si
401 1802 536 1839 faenus
567 1801 810 1840 nominasses
840 1808 1043 1859 argentum
1060 1801 1179 1839 ‘fieret
1205 1800 1346 1853 tuum]

114 1868 178 1904 Ps.
237 1867 351 1903 Heus
379 1874 433 1909 tu,
461 1874 672 1915 postquam
703 1867 831 1904 hercle
860 1866 921 1904 isti
946 1880 970 1904 a
998 1880 1133 1904 mensa
1161 1875 1322 1916 surgunt
1351 1866 1442 1904 satis

220 1931 304 1980 poti
333 1930 415 1978 uiri,
1267 1980 1284 1985 -

115 1995 194 2044 Qui
223 2009 336 2034 suum
366 2002 557 2044 repetunt,
588 1995 765 2033 alienum
786 1995 957 2033 reddunt
986 2003 1078 2034 nato
1108 1995 1267 2041 nemini,

63 2084 97 2108 70
116 2058 275 2097 Postilla
303 2072 441 2098 omnes
470 2059 663 2097 cautiores
693 2066 793 2106 sunt,
824 2072 874 2097 ne
903 2061 1064 2097 credant
1094 2059 1212 2097 alteri.

115 2124 188 2163 CA.
246 2122 374 2162 Nimis
395 2123 511 2161 miser
531 2136 616 2160 sum
631 2137 642 2171 3
670 2136 875 2160 nummum
897 2136 1090 2172 nusquam
1110 2123 1277 2172 reperire
1296 2123 1443 2172 argenti

221 2201 348 2237 que03
591 2218 599 2224 ,
1367 2200 1443 2236 300

117 2254 180 2290 Ita
207 2252 322 2290 miser
350 2260 389 2290 et
417 2265 549 2290 amore
578 2264 698 2301 pereo
727 2259 766 2290 et
794 2251 928 2300 inopia
956 2251 1183 2301 argentaria.

120 2318 188 2353 BA.
238 2316 371 2354 Emito
387 2316 451 2354 die
467 2329 584 2354 caeca
605 2317 733 2354 hercle
754 2315 912 2362 oliuom,
934 2315 975 2353 id
995 2315 1159 2354 uendito
1180 2315 1336 2353 oculata
1357 2313 1444 2361 die3
