1747 2620
278 146 324 184 18
754 140 1120 180 PSEUDOLUS.
1216 196 1221 206 1
1325 113 1632 190 [13,74—96²

278 249 361 285 Iam
390 247 519 284 hercle
548 246 612 283 uel
641 245 834 283 ducentae
864 240 1139 292 possuntafieri
1167 247 1392 289 praesentes
1422 237 1559 277 minae.

226 330 256 354 75
275 312 346 349 CA.
405 309 517 355 Perii,
548 321 738 346 annorum
770 308 832 345 lex
861 319 923 344 me
953 304 1081 355 perdit
1110 302 1451 352 quinauicenaria3

277 376 461 413 Metuunt
507 373 663 411 credere
711 383 858 410 omnes.
944 371 1013 407 BA.
1072 368 1223 405 Eadem
1271 373 1328 404 est
1374 365 1469 403 mihi
1514 367 1600 412 lex73

381 445 514 476 metuo
544 438 715 474 credere.
1478 436 1481 437 ’
1514 433 1604 479 305·

278 506 338 541 Ps.
397 502 566 541 Credere
608 500 769 538 autem?
820 499 905 545 eho,
949 510 999 535 an
1043 495 1216 545 paenitet
1257 502 1307 541 te,
1349 502 1496 544 quanto
1539 484 1602 531 hi'e

381 564 492 603 fuerit
519 563 633 602 usui?
1653 594 1669 610 b,

277 633 345 669 ΒΑ.
407 631 498 668 Non
522 636 581 667 est
603 641 675 666 usu
695 627 902 676 quisquam
923 632 1071 664 amator
1090 622 1164 662 nisi
1185 621 1251 672 qui
1272 629 1479 672 perpetuat
1499 622 1617 676 datag
1680 628 1686 632 “

278 698 369 742 Det,
399 696 466 733 det
494 705 640 742 usque3
678 691 838 740 quando
867 689 963 727 nihil
992 688 1051 736 sit,
1083 687 1195 726 simul
1225 700 1355 725 amare
1384 686 1547 724 desinat.

230 771 262 795 30
278 761 350 799 CA.
410 758 569 796 Nihilne
598 765 637 795 te
666 755 850 793 miseret?
925 755 993 791 BA.
1055 751 1189 789 lnanis
1219 750 1352 796 cedis3
1390 749 1495 788 dicta
1524 762 1605 787 non
1670 755 1674 758 ’

385 829 535 860 sonant

280 890 409 936 Atque
447 899 521 934 ego
554 893 592 923 te
625 883 759 922 uiuom
793 883 1022 931 saluomque
1061 881 1213 918 uellem.
1292 881 1353 917 Ps.
1415 878 1513 924 Eho,
1554 890 1605 915 an

386 949 461 986 iam
491 949 712 986 mortuust?
1528 953 1605 989 310

282 1016 350 1052 BA.
411 1013 511 1050 Utut
559 1020 628 1058 est,
672 1009 766 1048 mihi
808 1009 967 1059 quidem
1014 1008 1189 1058 profecto
1232 1019 1323 1044 curn
1366 1005 1448 1044 istis
1491 1005 1606 1044 dictis

387 1084 590 1116 mortuust.

283 1143 380 1180 Ilico
409 1141 504 1179 uixit
533 1148 692 1186 amator,
724 1140 789 1178 ubi
819 1139 952 1178 lenoni
981 1137 1185 1188 supplicat.

282 1207 442 1255 Semper
470 1213 512 1243 tu
541 1205 591 1242 ad
621 1217 683 1243 me
712 1217 803 1241 cum
831 1211 1032 1252 argentata
1061 1200 1239 1240 accedito
1270 1198 1537 1252 querimoniam

234 1284 266 1313 85
283 1273 386 1308 Nam
417 1272 515 1308 istuc
544 1270 651 1318 quod
681 1281 787 1306 nunc
815 1269 1039 1311 lamentare,
1070 1279 1151 1304 non
1180 1278 1264 1304 esse
1293 1251 1606 1314 argentum—tibi,

283 1336 400 1384 Apud
430 1347 640 1373 nouercam
669 1345 839 1382 querere.
899 1334 960 1369 Ps.
1011 1332 1098 1368 Eho
1128 1343 1179 1367 an
1208 1342 1395 1378 umquam
1425 1336 1466 1366 tu
1495 1328 1609 1366 huius

390 1398 555 1448 nupsisti
583 1398 711 1448 patri?
1531 1405 1605 1443 315

287 1465 351 1500 BA.
414 1463 465 1501 Di
508 1462 667 1500 meliora
707 1460 839 1498 faxint.
920 1461 979 1497 Ps.
1041 1461 1143 1497 Face
1185 1459 1293 1508 quod
1335 1468 1373 1497 te
1415 1459 1630 1508 rogamuss

393 1526 526 1571 Ballio,

288 1593 381 1629 Mea
409 1592 497 1638 fide,
529 1592 559 1629 si
588 1591 650 1629 isti
680 1591 864 1629 formidas
894 1589 1062 1627 credere.
1122 1590 1207 1637 Ego
1236 1587 1276 1625 in
1306 1588 1381 1625 hoc
1411 1585 1540 1625 triduo

286 1659 366 1694 Aut
392 1665 491 1694 terra
515 1666 579 1694 aut
606 1656 700 1693 rnari
725 1660 797 1693 aut
820 1654 1002 1692 alicunde
1027 1654 1208 1691 euoluam
1232 1652 1273 1690 id
1300 1659 1504 1702 argentum
1528 1650 1609 1689 tibi.

237 1739 270 1762 90
287 1722 358 1758 BA.
407 1720 497 1758 Tibi
526 1733 598 1770 ego
628 1719 814 1757 credam?
880 1720 940 1756 Ps.
993 1719 1072 1756 Cur
1101 1717 1210 1755 non?
1280 1717 1348 1753 ΒΑ.
1399 1715 1609 1770 Ωυίειροῐ,

395 1797 473 1834 qua
502 1797 619 1833 opera
648 1784 806 1821 credam
836 1781 918 1828 tibi,

289 1851 382 1888 Una
410 1861 528 1897 opera
555 1847 725 1897 adligem
752 1845 954 1896 fugitiuam
983 1858 1121 1883 canem
1150 1843 1301 1894 agninis
1328 1842 1502 1881 lactibus.
1537 1856 1612 1892 320

290 1914 362 1952 CA.
419 1912 523 1950 Sicin
553 1911 646 1948 mihi
673 1912 743 1948 abs
770 1919 808 1948 te
836 1911 936 1947 bene
963 1907 1127 1946 merenti
1153 1909 1254 1946 male
1280 1908 1441 1945 refertur
1465 1907 1614 1956 gratia?

291 1979 358 2014 BA.
411 1977 518 2026 Quid
547 1989 652 2014 nunc
681 1977 769 2013 uis?
826 1975 897 2013 CA.
943 1975 1000 2012 Ut
1026 1973 1231 2023 opperiare
1258 1986 1326 2011 sex
1351 1973 1434 2010 dies
1463 1972 1614 2022 aliquos

396 2042 528 2087 modo,
1658 2078 1661 2079 γ

293 2108 353 2144 Ne
395 2106 500 2144 illam
543 2106 690 2144 uendas
735 2117 810 2142 neu
859 2116 921 2141 me
969 2103 1109 2152 perdas
1155 2100 1355 2138 hominem
1403 2107 1610 2138 amantem.
1640 2102 1643 2103 ’

398 2172 466 2208 ΒΑ.
525 2170 669 2207 Animo
698 2170 806 2207 bono
834 2181 899 2216 es3
1472 2166 1482 2170 “
1538 2177 1586 2212 32
1592 2177 1613 2213 3

243 2250 275 2274 9⁵
295 2236 371 2274 Uel
398 2248 464 2273 sex
490 2233 635 2271 mensis
662 2233 878 2282 opperibor.
939 2232 1011 2270 CA.
1057 2232 1176 2279 Euge,
1205 2230 1326 2267 homo
1351 2228 1613 2278 lepidissume.

294 2301 361 2336 ΒΑ.
422 2299 551 2335 Immo
577 2297 645 2334 uin
669 2296 788 2334 etiarn
815 2303 853 2333 te
879 2294 1018 2333 faciam
1046 2307 1093 2332 ex
1113 2295 1215 2332 laeto
1235 2294 1445 2332 laetantem
1466 2291 1616 2341 magis?
1672 2334 1678 2335 ἶ
1739 2329 1746 2333 ,
