1747 2620
620 516 830 561 ACTUS
875 518 933 560 II.

648 695 904 732 PSEUDOLus.

32 803 94 834 111
114 797 190 834 Pro
226 794 412 845 Iuppiter,
442 802 486 834 ut
518 794 625 842 mihi,
663 795 856 845 quidquid
891 808 976 846 ago,
1012 795 1140 846 lepide
1174 797 1306 834 omnia
1339 807 1443 845 pros-

220 872 392 909 pereque
421 859 619 906 eueniunt,

114 925 255 973 Neque
281 925 388 973 quod
415 925 590 963 dubitem
618 937 748 974 neque
775 925 885 973 quod
911 925 1083 972 timeam,
1105 937 1194 963 meo
1220 923 1261 962 in
1285 932 1443 974 pectore

220 988 424 1027 conditum
454 996 511 1027 est
540 989 771 1027 consilium!

115 1054 219 1091 Nam
247 1066 294 1091 ea
320 1053 481 1090 stultitia
507 1062 564 1091 est
591 1053 741 1091 facinus
768 1067 953 1103 magnum
974 1053 1113 1092 timido
1134 1053 1242 1091 cordi
1263 1053 1443 1100 credere3

117 1118 219 1155 Nam
245 1130 381 1155 omnes
407 1130 466 1156 res
493 1117 653 1167 perinde
680 1125 771 1156 sunt
797 1126 838 1155 ut
866 1131 968 1167 agas,
996 1125 1039 1156 ut
1065 1130 1130 1156 eas
1156 1117 1287 1166 magni
1312 1116 1440 1154 facias.

84 1197 100 1222 5
118 1183 222 1219 Nam
249 1194 322 1231 ego
351 1180 390 1219 in
419 1194 509 1220 meo
537 1190 696 1231 pectore
725 1180 829 1230 prius
859 1182 912 1219 ita
941 1181 1076 1230 paraui
1106 1181 1252 1230 copias,
1368 1182 1437 1229 581

118 1245 297 1295 Duplicis
330 1245 490 1295 triplicis
525 1247 638 1285 dolos
671 1247 865 1295 perfidias,
904 1253 957 1293 ut,
992 1245 1233 1294 ubicumque
1265 1245 1443 1283 hostibus

221 1310 504 1360 congrediar—-

329 1375 528 1414 Maiorum
557 1389 691 1415 meum
720 1377 838 1415 fretus
867 1375 1009 1414 uirtute
1038 1375 1178 1422 dicam,

330 1442 424 1479 Mea
451 1441 640 1480 industria
670 1449 708 1480 et
737 1440 884 1479 malitia
912 1442 1212 1480 fraudulenta—

116 1504 246 1544 Facile
278 1512 322 1544 ut
354 1497 666 1553 uincam‚¹facile
696 1513 739 1544 ut
770 1506 936 1556 spoliem
967 1519 1076 1545 meos
1106 1504 1316 1556 perduellis
1346 1504 1443 1541 meis

222 1569 404 1620 perfidiis.
1366 1570 1414 1618 58
1420 1579 1439 1617 5

67 1653 99 1670 10
117 1635 234 1673 Nunc
249 1634 450 1673 inimicum
466 1648 539 1686 ego
554 1636 659 1673 hunc
673 1648 928 1674 communem
942 1648 1074 1674 meum
1088 1642 1205 1684 atque
1221 1641 1441 1673 nostrorum

223 1713 399 1738 omniurn

115 1766 334 1804 Ballionem
363 1765 617 1804 exballistabo
646 1766 800 1816 lepide3
839 1766 929 1804 date
959 1777 1118 1814 operam
1148 1764 1279 1802 modo.

116 1830 209 1868 Hoc
238 1842 310 1879 ego
339 1828 534 1879 oppidum
562 1830 800 1875 admoenire,
831 1836 873 1867 ut
902 1828 1023 1867 hodie
1052 1827 1238 1877 capiatur,
1271 1827 1362 1864 uolo

115 1895 246 1943 Atque
274 1893 324 1931 ad
354 1895 429 1931 hoc
459 1907 566 1932 meas
595 1894 769 1944 legiones
798 1894 1005 1932 adducam.
1072 1891 1112 1930 Si
1140 1892 1218 1930 hoc
1246 1902 1438 1940 expugno,

117 1958 287 1996 Facilem
317 1970 388 2007 ego
418 1958 520 1996 hanc
548 1971 629 1996 rem
660 1958 756 1996 meis
786 1957 939 1995 ciuibus
968 1955 1130 1994 faciam:
1365 1966 1440 2004 590

68 2038 99 2062 1⁵
118 2024 211 2061 Post
239 2024 289 2062 ad
318 2023 509 2072 oppidum
539 2024 616 2061 hoc
644 2031 757 2061 uetus
786 2021 976 2060 continuo
1006 2033 1160 2059 mecum
1192 2018 1404 2059 exercitum

117 2082 295 2126 Protinus
325 2089 521 2126 obducam
538 2100 549 2134 3
588 2088 679 2126 inde
709 2100 772 2125 me

116 2153 166 2190 Et
203 2153 326 2191 semul
364 2151 571 2202 participes
611 2150 739 2190 omnis
778 2162 888 2190 meos
928 2151 1074 2201 praeda
1112 2149 1284 2188 onerabo
1323 2156 1439 2197 atque

221 2217 404 2267 opplebo‚

116 2282 270 2320 Metum
290 2290 328 2320 et
347 2282 477 2332 fugam
497 2281 766 2332 perduellibus
783 2280 884 2330 ¹meis
904 2294 990 2320 esse
1010 2293 1073 2320 me
1090 2288 1130 2318 ut
1146 2279 1270 2318 sciant
1289 2286 1436 2316 natum.

219 2356 255 2382 A.
278 2356 310 2382 Ρ.
1306 2356 1332 2390 4
