1747 2620
284 111 357 148 134
759 103 1122 145 PSEUDOLUS.

273 213 346 244 gras
362 204 404 239 B,
423 208 540 236 ceuton
557 204 648 237 kaito
665 205 711 237 ito
728 207 856 248 negaris
875 208 903 239 C
1003 209 1058 240 SI.
1075 220 1137 241 om.
1157 209 1186 240 C
1292 221 1392 252 equas
1500 211 1564 253 486
1579 224 1599 245 a

273 269 334 288 om.
355 258 384 289 C
468 263 499 289 te
515 269 576 300 ego
663 262 724 300 487
742 271 822 301 quas
838 271 857 292 a
873 272 926 293 me
941 268 1082 303 cognato
1163 264 1225 303 488
1242 264 1350 296 Fateri
1367 266 1400 297 di
1413 265 1599 308 chaytoyna

276 312 310 342 P.
331 312 562 353 Chaitoyionai
578 313 621 350 B,
638 313 730 345 fateri
748 315 978 356 Dichaytoyna
993 317 1215 357 chaitoyionai
1234 318 1262 349 C
1347 322 1409 363 489
1426 321 1557 362 calipho

274 376 338 408 490
350 367 488 398 resiuisti
504 368 536 398 B
633 379 693 410 491
713 368 809 400 resiui
825 370 960 411 eloquar
1061 382 1122 413 492
1140 372 1309 413 praegigni
1328 374 1363 412 C,
1383 385 1446 416 que
1460 376 1550 416 gigni
1565 377 1599 408 B

275 430 337 461 493
352 430 428 450 suus
442 431 502 451 om.
586 421 764 452 criminant
783 422 819 457 C,
835 422 1006 454 criminare
1022 424 1046 455 it
1059 425 1091 455 B
1165 433 1227 465 494
1244 425 1296 456 SI.
1313 436 1376 457 om.
1452 427 1598 460 Luberes

359 474 547 515 pristrinum
562 475 595 505 B
682 484 743 515 495
762 475 835 506 CA.
851 486 911 508 om.
996 484 1166 519 peccatum
1184 484 1232 509 est
1248 478 1332 510 simo
1348 480 1450 511 immo
1535 482 1598 524 496

275 528 308 560 S.
334 529 464 560 Desiste
485 530 517 560 B
655 539 716 570 497
741 529 772 561 S.
800 531 938 563 Peccata
1078 543 1140 574 499
1165 534 1357 565 Pristrinum
1379 535 1412 565 B
1549 537 1597 567 in·

274 584 398 614 mundfi
515 593 577 624 500
597 583 787 624 pristrinum
809 585 842 615 Β
966 595 1024 625 501
1049 598 1160 619 eamus
1183 589 1324 620 scitabas
1448 599 1508 630 502
1532 590 1598 630 Qui

274 637 363 671 aliud
379 638 421 673 B,
436 636 525 677 Quid
541 637 629 668 aliud
650 639 679 669 C
807 649 868 679 503
885 640 1022 671 dieculae
1153 652 1214 682 504
1231 641 1268 674 C.
1287 642 1376 683 Quid
1392 643 1425 674 B
1535 643 1596 684 506

275 702 433 722 numnum
448 692 482 723 B
615 701 674 733 507
693 693 790 724 Nunc
807 704 906 735 quam
1046 696 1107 735 508
1123 697 1217 727 uinos
1231 708 1294 728 om.
1427 707 1489 739 509
1506 698 1543 730 C.
1564 704 1598 730 tu

361 757 434 777 mea
448 747 482 777 B
583 747 620 778 P.
636 752 765 779 strenue
864 758 927 788 5ῐο
944 748 977 780 S.
1000 749 1064 781 Sex
1081 750 1204 782 cludito
1220 751 1263 787 B,
1281 751 1457 782 Excludito
1478 752 1506 783 C

276 810 335 840 511
354 800 391 832 C.
413 801 509 832 Certe
597 812 657 842 5ι2
674 802 838 833 absitteris
854 803 887 834 Β
973 803 1086 835 feceris
1103 804 1228 836 facinus
1248 805 1277 836 C
1374 816 1434 846 513
1453 805 1597 837 Faciam.

276 854 311 886 S.
329 854 355 885 si
370 855 412 892 B,
434 855 567 886 Faciam
583 856 610 886 si
630 856 658 887 C
765 857 937 889 abstuleris
1048 868 1109 899 514
1126 858 1187 890 PS.
1205 869 1266 890 om.
1378 859 1438 900 516
1448 860 1600 901 proximo

268 909 480 950 postponitur
576 920 637 949 517
655 910 811 951 praeditur
921 913 982 950 518
998 917 1032 942 ut
1137 922 1194 952 521
1213 923 1299 943 nunc
1316 923 1392 943 nam
1409 919 1514 945 meust

277 972 338 1002 523
355 962 471 994 Studie
558 967 590 994 te
606 963 777 995 dauscultu
794 965 837 1001 Β,
860 969 891 996 te
907 966 1051 997 ausculta
1072 967 1099 997 C
1185 976 1246 1007 524
1264 968 1300 997 Ρ.
1321 967 1349 998 C
1434 977 1494 1008 525
1513 968 1549 999 C.
1574 968 1603 999 C

363 1017 424 1056 526
441 1018 706 1049 commerabilem
724 1019 755 1049 Β
832 1028 892 1060 527
909 1021 1026 1051 emabe
1042 1021 1084 1058 Β,
1105 1031 1176 1051 eme
1193 1021 1234 1051 ab
1255 1021 1284 1052 C
1358 1031 1418 1062 529
1434 1026 1486 1052 tus
1501 1031 1600 1062 quam

276 1077 372 1102 natus
387 1072 420 1102 B
521 1082 583 1112 530
600 1072 742 1113 lepidele
761 1083 881 1104 nomen
903 1073 937 1105 S.
955 1074 1034 1115 quid
1057 1076 1075 1105 e
1096 1075 1140 1113 Β,
1165 1075 1309 1115 lepidule
1331 1085 1452 1106 nomen
1469 1074 1504 1107 S.
1521 1075 1601 1116 quid

276 1127 294 1156 ἑ
315 1126 342 1156 C
428 1136 486 1166 531
508 1126 545 1156 P.
564 1126 726 1157 Effectum
814 1128 912 1159 hodie
929 1128 992 1159 hoc
1008 1129 1041 1159 B
1128 1139 1187 1169 532
1203 1134 1259 1160 aut
1278 1130 1306 1160 C
1392 1139 1453 1170 533
1469 1129 1515 1161 rei

278 1189 340 1220 534
355 1190 453 1210 causa
468 1185 516 1211 est
590 1190 650 1220 535
668 1181 855 1221 pristrinum
871 1182 904 1212 Β
983 1192 1083 1213 unum
1100 1182 1234 1223 quidem
1250 1182 1337 1213 diem
1353 1183 1454 1213 modo
1539 1182 1602 1222 536

277 1240 416 1275 quantus
432 1239 479 1265 est
569 1242 628 1274 537
646 1235 743 1265 lenon
760 1235 792 1265 Β
880 1246 942 1276 540
957 1246 991 1267 se
1006 1247 1067 1268 om.
1091 1237 1119 1267 C
1203 1242 1412 1268 conseserunt
1428 1238 1462 1268 B
1538 1248 1597 1277 541

276 1293 437 1329 conpacto
457 1288 486 1319 C
593 1298 652 1329 542
675 1289 925 1321 circumuertant
1036 1301 1096 1331 543
1119 1291 1257 1322 audeam
1279 1291 1384 1322 facere
1399 1291 1441 1329 B,
1462 1291 1601 1322 audeam

277 1343 385 1374 dicere
405 1343 433 1374 C
534 1353 594 1383 544
611 1344 793 1384 conspectis
809 1343 862 1374 lue
879 1345 920 1382 Β,
940 1345 1106 1386 conspecti
1123 1344 1191 1376 siue
1207 1345 1235 1376 C
1318 1345 1438 1376 inimus
1539 1345 1601 1386 546

277 1396 404 1426 litterae
420 1395 548 1426 calamo
568 1396 596 1426 C
703 1406 764 1436 549
786 1397 848 1428 PS.
866 1407 928 1428 om.
945 1398 977 1428 Β
1085 1398 1191 1439 capho
1209 1398 1242 1429 B
1351 1408 1409 1439 551
1433 1399 1503 1430 heri
1524 1410 1600 1431 con-

277 1450 446 1481 stitueram
557 1460 618 1490 554
636 1450 799 1481 Lubidost
811 1450 844 1481 in
861 1450 956 1482 ludos
971 1451 1002 1482 A
1124 1451 1184 1491 556
1202 1451 1269 1482 dixi
1286 1452 1351 1483 BC
1466 1462 1526 1494 557
1544 1453 1599 1485 SI.

278 1514 339 1534 om.
444 1505 505 1545 558
522 1504 661 1535 multom
677 1505 719 1540 B,
739 1505 876 1535 multum
897 1505 925 1536 C
1030 1504 1120 1546 flagit
1137 1505 1256 1536 habere
1272 1506 1314 1541 B,
1332 1506 1444 1547 flagito
1460 1507 1556 1538 abere
1576 1507 1606 1538 C

365 1568 427 1599 559
443 1559 642 1590 amouemini
663 1560 691 1590 C
763 1559 820 1600 561
842 1560 915 1590 Flat
928 1559 960 1590 B
1018 1570 1076 1590 uos
1095 1561 1135 1598 Β,
1156 1560 1228 1590 Nos
1247 1561 1274 1591 C
1330 1561 1391 1593 PS.
1410 1572 1471 1592 om.
1540 1561 1600 1601 562

279 1613 351 1644 CA.
368 1624 429 1644 am.
451 1614 480 1645 C
580 1613 640 1654 563
657 1613 755 1644 adero
772 1614 837 1645 BC
938 1613 997 1654 565
1015 1614 1159 1645 facinora
1175 1614 1364 1655 promittere
1379 1616 1444 1647 BC
1541 1615 1603 1655 566

279 1667 370 1707 Quin
387 1668 450 1699 BC
552 1666 613 1708 569
630 1667 714 1699 Cum
733 1668 761 1698 C
859 1667 894 1698 id
909 1678 971 1698 om.
988 1668 1052 1699 BC
1153 1677 1213 1708 572
1230 1669 1263 1698 id
1279 1679 1340 1699 om.
1357 1669 1387 1699 A
1492 1675 1524 1701 et
1540 1671 1606 1701 BC

280 1732 341 1763 573
359 1723 430 1754 inro
520 1731 578 1763 575
596 1733 658 1753 om.
674 1722 740 1753 BC
826 1721 887 1762 576
904 1722 1009 1753 intera
1024 1723 1057 1753 B
1131 1730 1191 1763 577
1211 1723 1273 1754 PS.
1292 1734 1353 1754 om.
1374 1724 1403 1755 C
1467 1726 1602 1755 ueniunt

279 1778 311 1808 B
317 1777 344 1808 C
395 1779 538 1819 579—81
556 1776 675 1807 duobus
691 1776 836 1807 versibus
895 1775 1032 1807 stultitia
1047 1775 1074 1807 si
1092 1776 1156 1807 BC
1219 1778 1280 1817 582
1297 1777 1417 1818 ubique
1432 1778 1466 1808 B
1528 1788 1602 1809 cum

279 1831 427 1862 hostibus
443 1831 508 1862 BC
593 1832 654 1871 583
673 1831 839 1862 Malorum
920 1840 1067 1861 meorum
1085 1831 1150 1861 BC
1228 1832 1289 1871 584
1307 1831 1364 1862 Me
1376 1832 1442 1863 BC
1517 1832 1601 1863 frau-

280 1885 426 1916 dulentia
442 1885 519 1921 AB,
537 1884 735 1915 fraudulenti
756 1884 784 1914 C
853 1885 912 1925 585
931 1883 1061 1914 uincam
1077 1883 1206 1915 facilem
1223 1885 1253 1915 A
1328 1885 1460 1926 perfidis
1474 1885 1541 1916 BC

281 1939 342 1978 586
359 1945 503 1970 uostrurn
616 1939 676 1979 588
693 1939 754 1969 hoc
771 1938 824 1969 die
936 1939 997 1979 589
1013 1939 1124 1980 Atque
1139 1944 1174 1969 ut
1190 1939 1253 1970 hoc
1361 1940 1387 1970 si
1403 1950 1554 1980 expugno
1569 1941 1600 1971 A

281 2001 428 2034 591—93
445 1993 567 2023 duobus
583 1992 724 2023 versibus
845 2001 907 2033 594
929 2002 981 2023 me
998 2002 1066 2023 esse
1082 1997 1117 2023 ut
1133 1993 1239 2023 sioant
1253 1992 1287 2023 B
1395 2000 1454 2033 597
1474 1993 1602 2034 ignora·

280 2047 355 2078 bilis
370 2048 437 2078 BC
523 2048 583 2089 598
600 2047 679 2078 uelit
695 2046 763 2077 BC

346 2101 538 2132 CACULA
554 2106 584 2132 et
599 2100 783 2132 SERUOS
799 2111 860 2131 om.
874 2102 918 2137 A,
935 2105 1039 2132 totum
1055 2101 1192 2131 titulum
1211 2100 1240 2131 C
1302 2099 1365 2132 600
1382 2100 1427 2132 Ui
1443 2101 1476 2131 B
1540 2100 1600 2132 601

280 2154 407 2186 habitat
515 2155 605 2185 cuius
620 2154 662 2185 sit
777 2153 840 2186 602
856 2164 930 2186 mae
946 2155 979 2185 B
1090 2154 1152 2194 603
1169 2153 1277 2184 Nimis
1292 2153 1391 2184 uelim
1407 2154 1606 2185 antecedenti

280 2209 390 2239 versui
402 2208 492 2239 addit
506 2208 538 2239 B
629 2207 709 2249 quid
724 2208 806 2238 mihi
821 2208 854 2238 Β
939 2207 1064 2239 ballion
1157 2206 1220 2247 604
1238 2207 1346 2239 Sitace
1442 2213 1491 2239 est
1505 2207 1558 2239 hic
1579 2209 1607 2239 C

366 2272 419 2293 me
434 2272 496 2292 om.
621 2261 685 2293 606
701 2262 856 2303 princirio
872 2262 906 2293 B
1027 2262 1084 2292 illa
1100 2261 1211 2292 omnia
1227 2261 1325 2292 missa
1442 2259 1504 2292 608
1522 2262 1604 2292 HA.

281 2325 343 2346 om.
361 2315 393 2346 Β
480 2314 636 2346 Hostium
649 2316 705 2357 pul
721 2315 815 2346 stabo
830 2315 863 2346 B
951 2314 1013 2357 609
1030 2315 1167 2356 putandi
1255 2314 1318 2347 610
1332 2319 1485 2356 peccator
1500 2315 1532 2346 B
