1747 2620
140 151 183 188 ΙΙ
204 164 240 198 4,
262 147 409 203 4—24]
614 151 726 190 PSE
736 151 893 191 UDOL
903 152 979 191 US.
1412 165 1457 204 35

138 253 209 292 CA.
270 253 488 291 Pseudolus
522 251 616 290 mihi
649 251 704 290 ita
735 251 939 302 inperauit,
973 259 1016 291 ut
1053 252 1223 303 aliquem
1260 254 1459 293 hominem

242 324 453 363 strenuum,
1058 341 1063 345 -
1386 330 1460 366 700

102 382 447 424 sBeneuolentem
480 382 719 420 adducerem
752 381 803 419 ad
836 394 888 420 se.
961 382 1039 434 CH.
1098 383 1237 421 Seruas
1268 380 1459 431 inperium

241 446 362 495 probe
378 458 389 492 ;

134 511 238 548 Nam
268 517 307 548 et
335 509 504 548 amicum
533 516 572 548 et
601 508 915 551 beneuolentems
934 509 1053 547 ducis.
1114 509 1192 548 Sed
1224 506 1310 547 istic
1344 510 1459 548 Pseu-

241 574 354 612 dolus
1339 578 1341 580 '

134 638 272 676 Nouos
311 636 405 675 mihi
443 644 513 676 est.
589 637 663 676 CA.
723 636 899 674 Nimium
933 644 992 676 est
1025 637 1198 676 mortalis
1230 637 1457 687 graphicu83

238 704 418 743 heduretes
447 701 542 740 mihi
572 709 654 749 est;

134 769 174 806 Is
203 767 297 806 mihi
326 769 424 807 haec
453 780 537 806 sese
566 768 804 806 ecfecturum
833 766 931 806 dixit
959 780 1061 817 quae
1089 766 1168 806 dixi
1197 766 1278 807 tibi.

132 834 196 871 Ps.
256 832 468 882 Magnifice
505 831 707 870 hominem
746 832 993 881 conpellabo.
1079 833 1152 872 CA.
1214 833 1343 881 Quoia
1381 845 1458 870 uox

237 898 422 936 resonat?
497 898 561 934 Ps.
621 898 679 944 Io,
1381 909 1454 948 705

82 980 115 998 10
130 963 202 1009 Te,
232 962 271 1001 io
300 970 350 1008 te,
380 970 553 1011 tyranne,
584 969 623 1000 te
651 974 745 1011 rogo
775 961 841 1012 qui
870 961 1056 1012 inperitas
1086 964 1294 1002 Pseudolo.
1333 986 1338 989 -

125 1027 288 1075 Quaero
318 1025 411 1075 quoi
440 1033 497 1064 ter
524 1025 624 1063 trina
652 1025 818 1075 triplicia
847 1027 968 1065 tribus
998 1027 1125 1065 modis
1154 1027 1225 1066 tria
1252 1026 1393 1078 gaudia

130 1090 291 1129 Artibus
320 1089 439 1128 tribus
469 1090 676 1128 demeritas
706 1091 796 1128 dem
826 1090 1002 1137 laetitias,
1033 1092 1083 1130 de
1111 1091 1234 1130 tribus

131 1154 283 1192 Fraude
312 1161 440 1203 partas
468 1166 538 1203 per
565 1153 767 1200 malitiam,
797 1167 866 1203 per
894 1155 1028 1192 dolum
1059 1162 1096 1193 et
1124 1155 1304 1194 fallacias.

131 1219 179 1255 In
208 1218 339 1256 libello
369 1219 445 1256 hoc
473 1217 680 1267 obsignato
709 1218 807 1256 haec
835 1217 958 1256 adtuli
987 1218 1211 1267 pauxillulo.
1379 1229 1454 1266 710

80 1304 110 1327 ις
130 1283 201 1322 CA.
262 1282 349 1320 Illic
387 1283 507 1320 homo
546 1289 628 1330 est;
684 1290 728 1319 ut
769 1283 1065 1332 paratragoedat
1107 1284 1312 1321 carnufexl
1389 1286 1451 1321 Ps.

193 1371 205 1378 ν
235 1347 381 1386 Confer
409 1346 571 1396 gradum

129 1413 280 1452 Contra
308 1410 473 1461 pariter3
510 1424 631 1461 porge
659 1412 847 1450 audacter
875 1412 926 1450 ad
954 1413 1119 1451 salutem
1148 1411 1362 1451 brachium.

130 1477 201 1515 CA.
261 1475 337 1514 Dic
364 1483 494 1513 utrum
513 1476 691 1525 ‘Spemne
718 1488 768 1513 an
794 1476 966 1514 Salutem
986 1483 1025 1514 te
1045 1477 1221 1523 salutem,
1245 1478 1450 1515 Pseudole.

129 1541 192 1579 Ps.
253 1541 382 1578 Immo
411 1547 629 1589 utrumque.
689 1541 761 1579 CA.
812 1541 1045 1589 Utrumque,
1077 1543 1193 1579 salue.
1252 1543 1328 1580 Sed
1358 1542 1453 1591 quid

235 1611 365 1642 actum
395 1605 483 1642 est?
539 1603 646 1652 Quid
675 1603 816 1643 iubes?

128 1667 263 1706 Adtuli
291 1668 405 1705 hunc.
480 1669 544 1706 Ps.
603 1667 723 1716 Quid,
753 1667 956 1706 adtulisti?
1026 1670 1098 1709 CA.
1157 1669 1317 1709 Adduxi
1345 1672 1452 1709 uolui

235 1732 376 1771 dicere.
1377 1747 1448 1784 715

76 1821 110 1838 20
128 1798 191 1835 Ps.
251 1797 349 1846 Quis
385 1796 473 1835 istic
511 1798 597 1836 est?
674 1798 746 1837 CA.
805 1797 1010 1838 Charinus.
1091 1800 1153 1838 Ps.
1213 1801 1334 1849 Euge,
1374 1799 1450 1838 iam

234 1861 385 1910 Χαίρειν
412 1863 542 1899 τοῦτον
569 1860 677 1913 λέγω.

129 1925 206 1964 CH.
264 1925 371 1972 Quin
399 1932 441 1962 tu
469 1923 501 1962 si
529 1923 625 1973 quid
653 1932 770 1974 opust
797 1924 892 1963 mihi
921 1925 1106 1966 audacter
1133 1927 1317 1977 inperas?
1385 1929 1447 1965 Ps.

233 1989 335 2026 Tam
363 1988 486 2037 gratia
514 1996 583 2026 est.

129 2053 235 2090 Bene
263 2052 311 2090 sit
339 2052 421 2099 tibi,
452 2052 646 2101 Charine3
684 2054 779 2092 nolo
807 2053 879 2092 tibi
908 2055 1096 2093 molestos
1125 2067 1210 2093 esse
1238 2067 1319 2093 nos.

129 2116 205 2154 CH.
265 2117 350 2155 Uos
398 2118 585 2155 molestos
632 2116 751 2155 mihi!
822 2118 1039 2155 Molestum
1087 2125 1145 2157 est
1191 2119 1235 2156 id
1277 2117 1445 2167 quidem.

235 2182 298 2218 PS.
356 2182 460 2218 Tum
489 2189 530 2219 tu
559 2181 674 2231 igitur
701 2193 827 2219 mane.

130 2243 201 2283 Ca.
255 2244 363 2292 Quid
381 2244 480 2282 istuc
500 2246 586 2283 est?
643 2246 707 2284 Ps.
757 2244 977 2295 Epistulam
997 2245 1099 2283 hanc
1119 2247 1240 2285 modo
1261 2245 1448 2296 intercepi

235 2317 273 2346 et
302 2309 533 2357 symbolum.
1373 2324 1447 2360 720
