1747 2620
230 140 279 173 24
707 127 1073 167 PSEUDOLUS.
1280 127 1316 181 [1
1339 141 1375 179 5,
1397 131 1549 179 26—57

217 228 331 273 *Nam
362 234 403 265 tu
431 229 539 276 quod
569 229 702 267 damni
730 237 770 268 et
799 231 906 279 quod
935 231 1060 270 fecisti
1088 231 1206 281 flagiti
1475 248 1553 282 440

227 293 382 340 Populo
411 292 554 329 uiritim
583 293 712 342 potuit
731 295 987 343 dispertirier.

227 356 277 394 Id
305 369 410 393 nunc
439 357 588 402 mirare,
619 357 650 395 si
679 358 1018 407 patrissatfilius?

226 420 288 457 Ps.
335 418 390 456 ΦΩ
418 422 497 466 Ζεῦ,
529 433 648 468 quam
679 421 796 469 pauci
826 422 916 460 estis
944 422 1124 462 homines
1153 425 1377 464 commodi!
1426 426 1511 473 Em,

174 499 207 522 30
226 483 312 521 Illic
341 491 399 522 est
429 492 546 533 pater,
578 492 726 533 patrem
758 498 842 525 esse
871 494 913 525 ut
943 500 1110 537 aequom
1141 497 1199 527 est
1227 490 1316 528 filio.

225 548 280 585 Si.
358 548 456 596 Quis
494 548 559 586 hic
596 550 797 598 loquitur?
871 552 988 590 Meus
1025 560 1084 591 est
1122 553 1185 591 hic
1223 553 1381 603 quidem
1420 567 1554 593 seruos

333 613 563 651 Pseudolus.
957 624 959 628 ⁴
1149 607 1156 610 ’
1476 631 1552 668 445

226 672 308 712 Hic
335 668 430 712 mih‘i
459 676 681 725 conrumpit
709 676 843 723 filium,
875 680 1063 717 scelerum
1093 686 1233 729 caput;

227 737 307 775 Hic
335 738 431 794 duxg
456 737 520 776 hic
547 739 601 777 illi
631 747 690 778 est
717 742 968 791 paedagogus
982 757 992 790 3
1030 745 1134 781 hunc
1164 757 1236 793 ego

226 800 355 850 Cupio
385 802 604 841 excruciari.
676 804 754 857 CA.
813 805 898 842 Iam
927 805 1047 844 istaec
1075 805 1296 855 insipientia
1323 814 1392 854 est,

175 879 205 903 35
226 867 308 903 Iras
336 865 377 903 in
406 874 592 915 promptu
620 880 775 917 gerere3
815 877 961 918 quanto
991 869 1110 907 satius
1141 878 1197 908 est

224 929 344 967 Adire
373 931 527 969 blandis
556 931 685 970 uerbis
714 939 832 981 atque
862 934 1071 982 exquirere,
1477 947 1555 986 450

225 992 362 1032 Sintne
390 993 455 1032 illa
484 1007 610 1033 necne
639 996 716 1033 sint
744 1008 846 1045 quae
874 996 945 1034 tibi
973 997 1209 1035 renuntiant.

227 1060 362 1097 Bonus
392 1059 546 1098 animus
575 1061 615 1097 in
644 1061 747 1098 mala
775 1073 815 1099 re
845 1060 1053 1099 dimidium
1084 1070 1141 1100 est
1170 1061 1272 1100 mali.

225 1125 277 1162 Sx.
336 1124 427 1162 Tibi
456 1126 696 1164 auscultabo.
747 1128 810 1164 Ps.
866 1128 950 1177 Itur
977 1128 1029 1165 ad
1058 1133 1107 1172 te,
1140 1127 1357 1174 Pseudole;

174 1205 208 1228 40
227 1187 456 1226 Orationem
486 1188 557 1227 tibi
586 1203 678 1239 para
706 1191 919 1229 aduorsum
949 1204 1094 1230 senem.

227 1245 348 1290 Erum
377 1254 502 1291 saluto
531 1255 710 1303 primum,
732 1261 775 1292 ut
803 1268 972 1303 aequom
1002 1263 1084 1302 est3
1122 1262 1259 1304 postea
1479 1267 1554 1305 455

227 1316 266 1354 Si
295 1316 390 1365 quid
420 1318 580 1366 superfit
607 1317 758 1356 uicinos
787 1318 966 1368 inpertio.

226 1382 280 1418 Si.
338 1382 462 1419 Salue.
522 1381 629 1429 Quid
649 1381 801 1431 agitur?
858 1384 920 1421 Ps.
952 1384 1083 1421 Statur
1100 1383 1165 1421 hic
1185 1384 1233 1421 ad
1254 1384 1360 1421 hunc
1379 1384 1552 1422 modum.

226 1445 278 1483 S1.
339 1445 488 1482 Statum
519 1444 610 1482 uide
638 1445 818 1493 hominis,
852 1446 1048 1495 Callipho,
1079 1460 1198 1496 quam
1227 1446 1441 1485 basilicum.

178 1524 207 1546 45
227 1511 298 1548 CA.
358 1511 466 1547 Bene
495 1509 816 1559 confidenterque
845 1511 1042 1549 adstitisse
1070 1511 1265 1561 intellego.

227 1575 291 1611 Ps.
350 1573 477 1611 Decet
505 1572 769 1618 innocentem,
799 1573 866 1622 qui
896 1573 955 1620 sit,
986 1581 1104 1624 atque
1133 1574 1333 1612 innoxium
1479 1577 1556 1624 460

192 1640 389 1677 *Seruom
419 1639 629 1687 superbum
660 1651 745 1676 esse
774 1639 881 1688 apud
910 1651 1018 1677 erum
1047 1638 1318 1688 potissumum.

228 1703 300 1742 CA.
358 1703 456 1741 Sunt
485 1715 587 1751 quae
616 1709 654 1740 te
683 1704 865 1741 uolumus
895 1703 1126 1752 percontari,
1158 1717 1258 1753 quae
1286 1703 1397 1753 quasi

229 1769 302 1806 Per
330 1768 514 1805 nebulam
543 1774 697 1804 nosmet
727 1766 871 1804 scimus
899 1774 1017 1815 atque
1045 1766 1278 1805 audiuimus.

178 1848 209 1871 50
228 1833 280 1870 Sl.
340 1831 534 1871 Conficiet
563 1830 640 1868 iam
669 1838 708 1869 te
737 1832 801 1868 hic
830 1831 970 1879 uerbis,
1001 1838 1044 1869 ut
1072 1839 1113 1869 tu
1143 1844 1303 1871 censeas

228 1897 322 1934 Non
352 1896 603 1941 Pseudolum,
634 1895 703 1933 sed
733 1896 934 1933 Socratem
963 1903 1093 1934 tecum
1123 1896 1242 1945 loqui.
1478 1899 1552 1947 465

227 1961 290 1998 Ps.
350 1960 411 1997 Ita
439 1967 520 2008 est3
559 1958 636 1997 iam
665 1958 817 2008 pridem
848 1967 889 1997 tu
918 1972 982 1998 me
1011 1960 1171 2009 spernis,
1201 1960 1339 2000 sentio.

227 2025 394 2074 Paruam
424 2035 509 2060 esse
538 2023 645 2071 apud
674 2029 712 2060 te
741 2022 835 2060 mihi
866 2023 985 2061 fidem
1014 2023 1097 2072 ipse
1126 2024 1320 2073 intellego.

227 2086 350 2137 Cupis
379 2100 444 2126 me
473 2100 557 2126 esse
586 2099 756 2136 nequam
771 2101 782 2134 ‚·
818 2094 951 2124 tamen
981 2100 1047 2125 ero
1076 2087 1172 2136 frugi
1202 2083 1339 2126 bonae.

178 2170 209 2193 55
227 2152 279 2189 S1.
338 2152 418 2188 Fac
447 2150 497 2188 sis
526 2150 700 2196 uociuas,
732 2151 940 2196 Pseudole,
972 2151 1080 2188 aedis
1108 2150 1270 2196 aurium,

229 2216 324 2252 Mea
351 2221 394 2252 ut
422 2214 585 2263 migrare
614 2215 719 2252 dicta
747 2210 898 2262 possint
926 2227 1006 2262 quo
1035 2215 1138 2252 uolo.
1476 2228 1555 2265 470

229 2279 292 2315 ΡΞ.
352 2279 436 2327 Age
464 2278 624 2326 loquere
652 2276 818 2326 quiduis,
850 2275 1003 2315 tametsi
1031 2276 1102 2314 tibi
1128 2279 1350 2315 snccenseo.
