<?xml version="1.0" encoding="UTF-8"?>
<!DOCTYPE html PUBLIC "-//W3C//DTD XHTML 1.0 Transitional//EN"
    "http://www.w3.org/TR/xhtml1/DTD/xhtml1-transitional.dtd">
<html xmlns="http://www.w3.org/1999/xhtml" xml:lang="en" lang="en">
 <head>
  <title>
</title>
<meta http-equiv="Content-Type" content="text/html;charset=utf-8" />
  <meta name='ocr-system' content='tesseract 3.04.00' />
  <meta name='ocr-capabilities' content='ocr_page ocr_carea ocr_par ocr_line ocrx_word'/>
</head>
<body>
  <div class='ocr_page' id='page_1' title='image "./pseudolus00plauuoft/pseudolus00plauuoft_0058.png"; bbox 0 0 1747 2620; ppageno 0'>
   <div class='ocr_carea' id='block_1_1' title="bbox 212 120 1535 174">
    <p class='ocr_par' dir='ltr' id='par_1_1' title="bbox 212 120 1535 174">
     <span class='ocr_line' id='line_1_1' title="bbox 212 120 1535 174; baseline -0.003 -12"><span class='ocrx_word' id='word_1_1' title='bbox 212 126 259 162; x_wconf 87' lang='lat'>26</span> <span class='ocrx_word' id='word_1_2' title='bbox 687 121 1052 161; x_wconf 77' lang='lat' dir='ltr'><em>PSEUDOLUS.</em></span> <span class='ocrx_word' id='word_1_3' title='bbox 1238 120 1274 174; x_wconf 91' lang='grc' dir='ltr'>[Ι</span> <span class='ocrx_word' id='word_1_4' title='bbox 1299 134 1332 171; x_wconf 83' lang='grc'>5,</span> <span class='ocrx_word' id='word_1_5' title='bbox 1354 134 1535 170; x_wconf 87' lang='lat'>90-——122</span> 
     </span>
    </p>
   </div>
   <div class='ocr_carea' id='block_1_2' title="bbox 142 223 1538 401">
    <p class='ocr_par' dir='ltr' id='par_1_2' title="bbox 142 223 1538 401">
     <span class='ocr_line' id='line_1_2' title="bbox 159 223 1538 274; baseline -0.001 -11"><span class='ocrx_word' id='word_1_6' title='bbox 159 248 192 273; x_wconf 88' lang='lat'>90</span> <span class='ocrx_word' id='word_1_7' title='bbox 211 228 265 265; x_wconf 85' lang='lat' dir='ltr'>Sl.</span> <span class='ocrx_word' id='word_1_8' title='bbox 324 224 431 273; x_wconf 85' lang='lat' dir='ltr'>Quid</span> <span class='ocrx_word' id='word_1_9' title='bbox 452 236 558 261; x_wconf 90' lang='lat' dir='ltr'>nunc</span> <span class='ocrx_word' id='word_1_10' title='bbox 578 223 728 274; x_wconf 87' lang='lat' dir='ltr'>agetis?</span> <span class='ocrx_word' id='word_1_11' title='bbox 764 237 855 261; x_wconf 91' lang='lat' dir='ltr'>nam</span> <span class='ocrx_word' id='word_1_12' title='bbox 875 224 969 261; x_wconf 91' lang='lat' dir='ltr'>hinc</span> <span class='ocrx_word' id='word_1_13' title='bbox 988 223 1145 272; x_wconf 90' lang='lat' dir='ltr'>quidem</span> <span class='ocrx_word' id='word_1_14' title='bbox 1167 236 1190 261; x_wconf 89' lang='lat' dir='ltr'>a</span> <span class='ocrx_word' id='word_1_15' title='bbox 1211 236 1273 262; x_wconf 88' lang='lat' dir='ltr'>me</span> <span class='ocrx_word' id='word_1_16' title='bbox 1298 236 1380 262; x_wconf 93' lang='lat' dir='ltr'>non</span> <span class='ocrx_word' id='word_1_17' title='bbox 1405 230 1538 272; x_wconf 91' lang='lat' dir='ltr'>potest</span> 
     </span>
     <span class='ocr_line' id='line_1_3' title="bbox 210 287 1536 338; baseline -0.004 -11"><span class='ocrx_word' id='word_1_18' title='bbox 210 292 424 338; x_wconf 84' lang='lat' dir='ltr'>Argentum</span> <span class='ocrx_word' id='word_1_19' title='bbox 453 287 602 333; x_wconf 86' lang='lat' dir='ltr'>auferri,</span> <span class='ocrx_word' id='word_1_20' title='bbox 634 289 700 336; x_wconf 93' lang='lat' dir='ltr'>qui</span> <span class='ocrx_word' id='word_1_21' title='bbox 729 287 957 337; x_wconf 89' lang='lat' dir='ltr'>praesertim</span> <span class='ocrx_word' id='word_1_22' title='bbox 987 288 1184 324; x_wconf 73' lang='lat' dir='ltr'><strong>senserim.</strong></span> <span class='ocrx_word' id='word_1_23' title='bbox 1463 297 1536 336; x_wconf 86' lang='lat'>505</span> 
     </span>
     <span class='ocr_line' id='line_1_4' title="bbox 142 350 1428 401; baseline -0.001 -12"><span class='ocrx_word' id='word_1_24' title='bbox 142 379 153 382; x_wconf 31' lang='lat'>⁴—</span> <span class='ocrx_word' id='word_1_25' title='bbox 212 354 273 390; x_wconf 93' lang='lat' dir='ltr'>Ne</span> <span class='ocrx_word' id='word_1_26' title='bbox 303 351 508 401; x_wconf 88' lang='lat' dir='ltr'>quisquam</span> <span class='ocrx_word' id='word_1_27' title='bbox 538 351 669 389; x_wconf 90' lang='lat' dir='ltr'>credat</span> <span class='ocrx_word' id='word_1_28' title='bbox 698 364 915 397; x_wconf 88' lang='lat' dir='ltr'>nummum,</span> <span class='ocrx_word' id='word_1_29' title='bbox 946 351 1024 388; x_wconf 86' lang='lat' dir='ltr'>iam</span> <span class='ocrx_word' id='word_1_30' title='bbox 1054 351 1206 388; x_wconf 79' lang='lat' dir='ltr'>edicam</span> <span class='ocrx_word' id='word_1_31' title='bbox 1235 350 1428 389; x_wconf 89' lang='lat' dir='ltr'>omnibus.</span> 
     </span>
    </p>
   </div>
   <div class='ocr_carea' id='block_1_3' title="bbox 212 413 1539 528">
    <p class='ocr_par' dir='ltr' id='par_1_3' title="bbox 212 413 1539 528">
     <span class='ocr_line' id='line_1_5' title="bbox 214 413 1539 464; baseline -0.002 -10"><span class='ocrx_word' id='word_1_32' title='bbox 214 418 274 454; x_wconf 88' lang='lat' dir='ltr'>Ps.</span> <span class='ocrx_word' id='word_1_33' title='bbox 325 416 550 464; x_wconf 84' lang='lat' dir='ltr'>Numquam</span> <span class='ocrx_word' id='word_1_34' title='bbox 580 415 722 464; x_wconf 81' lang='lat' dir='ltr'>edepol</span> <span class='ocrx_word' id='word_1_35' title='bbox 750 415 962 464; x_wconf 89' lang='lat' dir='ltr'>quoiquam</span> <span class='ocrx_word' id='word_1_36' title='bbox 993 414 1237 464; x_wconf 87' lang='lat' dir='ltr'>supplicabo,</span> <span class='ocrx_word' id='word_1_37' title='bbox 1258 415 1351 452; x_wconf 89' lang='lat' dir='ltr'>dum</span> <span class='ocrx_word' id='word_1_38' title='bbox 1379 413 1539 464; x_wconf 88' lang='lat' dir='ltr'>quidem</span> 
     </span>
     <span class='ocr_line' id='line_1_6' title="bbox 212 477 1331 528; baseline -0.002 -10"><span class='ocrx_word' id='word_1_39' title='bbox 212 481 274 518; x_wconf 92' lang='lat' dir='ltr'>Tu</span> <span class='ocrx_word' id='word_1_40' title='bbox 303 481 411 516; x_wconf 74' lang='lat' dir='ltr'><em>uiuos</em></span> <span class='ocrx_word' id='word_1_41' title='bbox 439 478 573 525; x_wconf 75' lang='lat' dir='ltr'>uiues,</span> <span class='ocrx_word' id='word_1_42' title='bbox 610 485 651 516; x_wconf 90' lang='lat' dir='ltr'>tu</span> <span class='ocrx_word' id='word_1_43' title='bbox 682 478 776 515; x_wconf 90' lang='lat' dir='ltr'>mihi</span> <span class='ocrx_word' id='word_1_44' title='bbox 804 479 934 516; x_wconf 91' lang='lat' dir='ltr'>hercle</span> <span class='ocrx_word' id='word_1_45' title='bbox 963 485 1167 528; x_wconf 89' lang='lat' dir='ltr'>argentum</span> <span class='ocrx_word' id='word_1_46' title='bbox 1195 477 1331 526; x_wconf 86' lang='lat' dir='ltr'>dabis;</span> 
     </span>
    </p>
   </div>
   <div class='ocr_carea' id='block_1_4' title="bbox 150 541 1558 2000">
    <p class='ocr_par' dir='ltr' id='par_1_4' title="bbox 162 541 1542 718">
     <span class='ocr_line' id='line_1_7' title="bbox 162 541 1539 591; baseline -0.002 -9"><span class='ocrx_word' id='word_1_47' title='bbox 162 563 194 588; x_wconf 82' lang='lat'>95</span> <span class='ocrx_word' id='word_1_48' title='bbox 214 545 296 581; x_wconf 90' lang='lat' dir='ltr'>Abs</span> <span class='ocrx_word' id='word_1_49' title='bbox 315 551 354 582; x_wconf 89' lang='lat' dir='ltr'>te</span> <span class='ocrx_word' id='word_1_50' title='bbox 374 541 559 591; x_wconf 84' lang='lat' dir='ltr'>equidem</span> <span class='ocrx_word' id='word_1_51' title='bbox 580 554 742 579; x_wconf 84' lang='lat' dir='ltr'>sumam.</span> <span class='ocrx_word' id='word_1_52' title='bbox 820 543 889 590; x_wconf 63' lang='lat' dir='ltr'>S1.&gt;</span> <span class='ocrx_word' id='word_1_53' title='bbox 927 542 990 579; x_wconf 91' lang='lat' dir='ltr'>Tu</span> <span class='ocrx_word' id='word_1_54' title='bbox 1011 554 1033 579; x_wconf 91' lang='lat' dir='ltr'>a</span> <span class='ocrx_word' id='word_1_55' title='bbox 1054 554 1116 579; x_wconf 91' lang='lat' dir='ltr'>me</span> <span class='ocrx_word' id='word_1_56' title='bbox 1137 543 1297 580; x_wconf 86' lang='lat' dir='ltr'>sumes?</span> <span class='ocrx_word' id='word_1_57' title='bbox 1351 542 1514 580; x_wconf 59' lang='lat' dir='ltr'>Strenu‘e,²</span> <span class='ocrx_word' id='word_1_58' title='bbox 1532 545 1539 579; x_wconf 91' lang='lat'>!</span> 
     </span>
     <span class='ocr_line' id='line_1_8' title="bbox 215 604 1542 655; baseline -0.002 -10"><span class='ocrx_word' id='word_1_59' title='bbox 215 606 441 655; x_wconf 86' lang='lat' dir='ltr'>Exsculpito</span> <span class='ocrx_word' id='word_1_60' title='bbox 462 605 556 642; x_wconf 89' lang='lat' dir='ltr'>mihi</span> <span class='ocrx_word' id='word_1_61' title='bbox 576 606 705 643; x_wconf 91' lang='lat' dir='ltr'>hercle</span> <span class='ocrx_word' id='word_1_62' title='bbox 726 606 897 651; x_wconf 88' lang='lat' dir='ltr'>oculum,</span> <span class='ocrx_word' id='word_1_63' title='bbox 919 605 950 643; x_wconf 90' lang='lat' dir='ltr'>si</span> <span class='ocrx_word' id='word_1_64' title='bbox 971 606 1127 643; x_wconf 89' lang='lat' dir='ltr'>dedero.</span> <span class='ocrx_word' id='word_1_65' title='bbox 1182 606 1246 642; x_wconf 86' lang='lat' dir='ltr'>Ps.</span> <span class='ocrx_word' id='word_1_66' title='bbox 1287 604 1436 652; x_wconf 82' lang='lat' dir='ltr'>Dabis3</span> <span class='ocrx_word' id='word_1_67' title='bbox 1465 616 1542 655; x_wconf 90' lang='lat'>510</span> 
     </span>
     <span class='ocr_line' id='line_1_9' title="bbox 215 669 1423 718; baseline -0.002 -10"><span class='ocrx_word' id='word_1_68' title='bbox 215 673 300 708; x_wconf 88' lang='lat' dir='ltr'>Iam</span> <span class='ocrx_word' id='word_1_69' title='bbox 331 671 421 708; x_wconf 87' lang='lat' dir='ltr'>dico</span> <span class='ocrx_word' id='word_1_70' title='bbox 452 677 494 707; x_wconf 90' lang='lat' dir='ltr'>ut</span> <span class='ocrx_word' id='word_1_71' title='bbox 524 682 547 707; x_wconf 92' lang='lat' dir='ltr'>a</span> <span class='ocrx_word' id='word_1_72' title='bbox 577 682 641 707; x_wconf 90' lang='lat' dir='ltr'>me</span> <span class='ocrx_word' id='word_1_73' title='bbox 671 681 822 707; x_wconf 83' lang='lat' dir='ltr'>caueas.</span> <span class='ocrx_word' id='word_1_74' title='bbox 900 670 954 708; x_wconf 87' lang='lat' dir='ltr'>S1.</span> <span class='ocrx_word' id='word_1_75' title='bbox 1015 670 1130 709; x_wconf 85' lang='lat' dir='ltr'>Certe</span> <span class='ocrx_word' id='word_1_76' title='bbox 1160 669 1301 718; x_wconf 90' lang='lat' dir='ltr'>edepol</span> <span class='ocrx_word' id='word_1_77' title='bbox 1331 669 1423 715; x_wconf 88' lang='lat' dir='ltr'>scio,</span> 
     </span>
    </p>

    <p class='ocr_par' dir='ltr' id='par_1_5' title="bbox 215 733 1449 848">
     <span class='ocr_line' id='line_1_10' title="bbox 215 733 1310 783; baseline -0.002 -10"><span class='ocrx_word' id='word_1_78' title='bbox 215 735 254 773; x_wconf 90' lang='lat' dir='ltr'>Si</span> <span class='ocrx_word' id='word_1_79' title='bbox 283 733 498 781; x_wconf 84' lang='lat' dir='ltr'>abstuleris,</span> <span class='ocrx_word' id='word_1_80' title='bbox 529 733 669 771; x_wconf 90' lang='lat' dir='ltr'>mirum</span> <span class='ocrx_word' id='word_1_81' title='bbox 701 742 738 771; x_wconf 91' lang='lat' dir='ltr'>et</span> <span class='ocrx_word' id='word_1_82' title='bbox 768 746 954 783; x_wconf 87' lang='lat' dir='ltr'>magnum</span> <span class='ocrx_word' id='word_1_83' title='bbox 985 733 1134 771; x_wconf 86' lang='lat' dir='ltr'>facinus</span> <span class='ocrx_word' id='word_1_84' title='bbox 1163 733 1310 772; x_wconf 87' lang='lat' dir='ltr'>feceris.</span> 
     </span>
     <span class='ocr_line' id='line_1_11' title="bbox 216 797 1449 848; baseline 0 -11"><span class='ocrx_word' id='word_1_85' title='bbox 216 801 277 838; x_wconf 83' lang='lat' dir='ltr'>Ps.</span> <span class='ocrx_word' id='word_1_86' title='bbox 339 798 508 836; x_wconf 88' lang='lat' dir='ltr'>Faciam.</span> <span class='ocrx_word' id='word_1_87' title='bbox 585 798 656 836; x_wconf 86' lang='lat' dir='ltr'>CA.</span> <span class='ocrx_word' id='word_1_88' title='bbox 716 797 754 836; x_wconf 87' lang='lat' dir='ltr'>Si</span> <span class='ocrx_word' id='word_1_89' title='bbox 785 811 864 836; x_wconf 91' lang='lat' dir='ltr'>non</span> <span class='ocrx_word' id='word_1_90' title='bbox 893 798 1108 844; x_wconf 82' lang='lat' dir='ltr'>abstulerit,</span> <span class='ocrx_word' id='word_1_91' title='bbox 1138 798 1253 848; x_wconf 85' lang='lat' dir='ltr'>uirgis</span> <span class='ocrx_word' id='word_1_92' title='bbox 1282 798 1449 837; x_wconf 85' lang='lat' dir='ltr'>caedito.</span> 
     </span>
    </p>

    <p class='ocr_par' dir='ltr' id='par_1_6' title="bbox 150 860 1546 1105">
     <span class='ocr_line' id='line_1_12' title="bbox 150 860 1543 911; baseline -0.003 -7"><span class='ocrx_word' id='word_1_93' title='bbox 150 887 197 904; x_wconf 85' lang='lat'>100</span> <span class='ocrx_word' id='word_1_94' title='bbox 216 864 281 901; x_wconf 79' lang='lat' dir='ltr'>Ps.</span> <span class='ocrx_word' id='word_1_95' title='bbox 341 863 417 901; x_wconf 87' lang='lat' dir='ltr'>Sed</span> <span class='ocrx_word' id='word_1_96' title='bbox 447 862 541 911; x_wconf 86' lang='lat' dir='ltr'>quid</span> <span class='ocrx_word' id='word_1_97' title='bbox 571 861 601 899; x_wconf 91' lang='lat' dir='ltr'>si</span> <span class='ocrx_word' id='word_1_98' title='bbox 630 863 855 900; x_wconf 86' lang='lat' dir='ltr'>abstulero?</span> <span class='ocrx_word' id='word_1_99' title='bbox 925 863 978 901; x_wconf 79' lang='lat' dir='ltr'>Sl.</span> <span class='ocrx_word' id='word_1_100' title='bbox 1029 864 1094 900; x_wconf 93' lang='lat' dir='ltr'>Do</span> <span class='ocrx_word' id='word_1_101' title='bbox 1124 864 1263 900; x_wconf 87' lang='lat' dir='ltr'>Iouem</span> <span class='ocrx_word' id='word_1_102' title='bbox 1292 869 1431 901; x_wconf 86' lang='lat' dir='ltr'>testem</span> <span class='ocrx_word' id='word_1_103' title='bbox 1462 860 1543 908; x_wconf 89' lang='lat' dir='ltr'>tibi,</span> 
     </span>
     <span class='ocr_line' id='line_1_13' title="bbox 217 925 1542 975; baseline -0.001 -10"><span class='ocrx_word' id='word_1_104' title='bbox 217 928 277 965; x_wconf 92' lang='lat' dir='ltr'>Te</span> <span class='ocrx_word' id='word_1_105' title='bbox 297 934 465 965; x_wconf 89' lang='lat' dir='ltr'>aetatem</span> <span class='ocrx_word' id='word_1_106' title='bbox 486 926 632 975; x_wconf 91' lang='lat' dir='ltr'>inpune</span> <span class='ocrx_word' id='word_1_107' title='bbox 657 926 890 964; x_wconf 83' lang='lat' dir='ltr'>habiturum.</span> <span class='ocrx_word' id='word_1_108' title='bbox 970 928 1033 964; x_wconf 95' lang='lat' dir='ltr'>Ps.</span> <span class='ocrx_word' id='word_1_109' title='bbox 1094 926 1228 964; x_wconf 85' lang='lat' dir='ltr'>Facito</span> <span class='ocrx_word' id='word_1_110' title='bbox 1249 934 1290 965; x_wconf 89' lang='lat' dir='ltr'>ut</span> <span class='ocrx_word' id='word_1_111' title='bbox 1311 925 1542 965; x_wconf 89' lang='lat' dir='ltr'>memineris.</span> 
     </span>
     <span class='ocr_line' id='line_1_14' title="bbox 220 990 1546 1040; baseline -0.001 -11"><span class='ocrx_word' id='word_1_112' title='bbox 220 990 422 1037; x_wconf 86' lang='lat' dir='ltr'>Praedico,</span> <span class='ocrx_word' id='word_1_113' title='bbox 453 998 496 1029; x_wconf 90' lang='lat' dir='ltr'>ut</span> <span class='ocrx_word' id='word_1_114' title='bbox 525 1002 666 1028; x_wconf 82' lang='lat' dir='ltr'>caueas</span> <span class='ocrx_word' id='word_1_115' title='bbox 682 1004 691 1037; x_wconf 79' lang='lat'>3</span> <span class='ocrx_word' id='word_1_116' title='bbox 720 990 821 1036; x_wconf 87' lang='lat' dir='ltr'>dico,</span> <span class='ocrx_word' id='word_1_117' title='bbox 852 990 1024 1040; x_wconf 85' lang='lat' dir='ltr'>inquam,</span> <span class='ocrx_word' id='word_1_118' title='bbox 1055 998 1096 1028; x_wconf 89' lang='lat' dir='ltr'>ut</span> <span class='ocrx_word' id='word_1_119' title='bbox 1125 1003 1291 1037; x_wconf 83' lang='lat' dir='ltr'>caueas3</span> <span class='ocrx_word' id='word_1_120' title='bbox 1320 1003 1426 1029; x_wconf 92' lang='lat' dir='ltr'>caue.</span> <span class='ocrx_word' id='word_1_121' title='bbox 1469 992 1546 1038; x_wconf 89' lang='lat'>516</span> 
     </span>
     <span class='ocr_line' id='line_1_15' title="bbox 220 1053 1354 1105; baseline -0.003 -11"><span class='ocrx_word' id='word_1_122' title='bbox 220 1058 272 1095; x_wconf 91' lang='lat' dir='ltr'>S1.</span> <span class='ocrx_word' id='word_1_123' title='bbox 331 1057 467 1105; x_wconf 88' lang='lat' dir='ltr'>Egone</span> <span class='ocrx_word' id='word_1_124' title='bbox 496 1061 538 1092; x_wconf 88' lang='lat' dir='ltr'>ut</span> <span class='ocrx_word' id='word_1_125' title='bbox 567 1067 705 1093; x_wconf 89' lang='lat' dir='ltr'>cauere</span> <span class='ocrx_word' id='word_1_126' title='bbox 736 1067 942 1103; x_wconf 84' lang='lat' dir='ltr'>nequeam,</span> <span class='ocrx_word' id='word_1_127' title='bbox 973 1053 1066 1103; x_wconf 89' lang='lat' dir='ltr'>quoi</span> <span class='ocrx_word' id='word_1_128' title='bbox 1095 1053 1354 1103; x_wconf 80' lang='lat' dir='ltr'>praedicitur?</span> 
     </span>
    </p>

    <p class='ocr_par' dir='ltr' id='par_1_7' title="bbox 220 1117 1479 1167">
     <span class='ocr_line' id='line_1_16' title="bbox 220 1117 1479 1167; baseline -0.002 -8"><span class='ocrx_word' id='word_1_129' title='bbox 220 1122 286 1159; x_wconf 80' lang='lat' dir='ltr'>Ps.</span> <span class='ocrx_word' id='word_1_130' title='bbox 344 1121 430 1167; x_wconf 90' lang='lat' dir='ltr'>Em,</span> <span class='ocrx_word' id='word_1_131' title='bbox 462 1118 544 1157; x_wconf 87' lang='lat' dir='ltr'>istis</span> <span class='ocrx_word' id='word_1_132' title='bbox 573 1118 667 1156; x_wconf 90' lang='lat' dir='ltr'>mihi</span> <span class='ocrx_word' id='word_1_133' title='bbox 697 1125 738 1157; x_wconf 89' lang='lat' dir='ltr'>tu</span> <span class='ocrx_word' id='word_1_134' title='bbox 767 1119 886 1157; x_wconf 88' lang='lat' dir='ltr'>hodie</span> <span class='ocrx_word' id='word_1_135' title='bbox 916 1118 1095 1156; x_wconf 87' lang='lat' dir='ltr'>manibus</span> <span class='ocrx_word' id='word_1_136' title='bbox 1124 1124 1327 1167; x_wconf 84' lang='lat' dir='ltr'>argentum</span> <span class='ocrx_word' id='word_1_137' title='bbox 1356 1117 1479 1157; x_wconf 88' lang='lat' dir='ltr'>dabis.</span> 
     </span>
    </p>

    <p class='ocr_par' dir='ltr' id='par_1_8' title="bbox 157 1174 1384 1232">
     <span class='ocr_line' id='line_1_17' title="bbox 157 1174 1384 1232; baseline -0.002 -11"><span class='ocrx_word' id='word_1_138' title='bbox 157 1204 204 1228; x_wconf 74' lang='lat'>,05</span> <span class='ocrx_word' id='word_1_139' title='bbox 223 1186 293 1223; x_wconf 80' lang='lat' dir='ltr'>CA.</span> <span class='ocrx_word' id='word_1_140' title='bbox 354 1182 508 1230; x_wconf 83' lang='lat' dir='ltr'>Edepol</span> <span class='ocrx_word' id='word_1_141' title='bbox 537 1183 741 1221; x_wconf 87' lang='lat' dir='ltr'>mortalem</span> <span class='ocrx_word' id='word_1_142' title='bbox 770 1174 1010 1232; x_wconf 84' lang='lat' dir='ltr'>graphicum,</span> <span class='ocrx_word' id='word_1_143' title='bbox 1042 1182 1073 1220; x_wconf 91' lang='lat' dir='ltr'>si</span> <span class='ocrx_word' id='word_1_144' title='bbox 1103 1189 1229 1220; x_wconf 90' lang='lat' dir='ltr'>seruat</span> <span class='ocrx_word' id='word_1_145' title='bbox 1257 1181 1384 1220; x_wconf 90' lang='lat' dir='ltr'>fidem.</span> 
     </span>
    </p>

    <p class='ocr_par' dir='ltr' id='par_1_9' title="bbox 223 1245 1550 1423">
     <span class='ocr_line' id='line_1_18' title="bbox 223 1245 1550 1295; baseline -0.002 -10"><span class='ocrx_word' id='word_1_146' title='bbox 223 1249 285 1285; x_wconf 83' lang='lat' dir='ltr'>Ps.</span> <span class='ocrx_word' id='word_1_147' title='bbox 343 1245 533 1285; x_wconf 69' lang='lat' dir='ltr'>Seruitum</span> <span class='ocrx_word' id='word_1_148' title='bbox 564 1245 636 1283; x_wconf 89' lang='lat' dir='ltr'>tibi</span> <span class='ocrx_word' id='word_1_149' title='bbox 666 1258 727 1284; x_wconf 90' lang='lat' dir='ltr'>me</span> <span class='ocrx_word' id='word_1_150' title='bbox 757 1245 955 1294; x_wconf 90' lang='lat' dir='ltr'>abducito,</span> <span class='ocrx_word' id='word_1_151' title='bbox 985 1245 1024 1283; x_wconf 90' lang='lat' dir='ltr'>ni</span> <span class='ocrx_word' id='word_1_152' title='bbox 1054 1247 1193 1284; x_wconf 90' lang='lat' dir='ltr'>fecero.</span> <span class='ocrx_word' id='word_1_153' title='bbox 1474 1257 1550 1295; x_wconf 87' lang='lat'>520</span> 
     </span>
     <span class='ocr_line' id='line_1_19' title="bbox 223 1309 1508 1359; baseline 0 -11"><span class='ocrx_word' id='word_1_154' title='bbox 223 1312 275 1348; x_wconf 92' lang='lat' dir='ltr'>S1.</span> <span class='ocrx_word' id='word_1_155' title='bbox 333 1311 436 1348; x_wconf 80' lang='lat' dir='ltr'>Bene</span> <span class='ocrx_word' id='word_1_156' title='bbox 465 1314 585 1357; x_wconf 87' lang='lat' dir='ltr'>atque</span> <span class='ocrx_word' id='word_1_157' title='bbox 615 1309 741 1348; x_wconf 90' lang='lat' dir='ltr'>amice</span> <span class='ocrx_word' id='word_1_158' title='bbox 770 1309 890 1357; x_wconf 73' lang='lat' dir='ltr'>dicis,</span> <span class='ocrx_word' id='word_1_159' title='bbox 929 1323 1020 1347; x_wconf 88' lang='lat' dir='ltr'>nam</span> <span class='ocrx_word' id='word_1_160' title='bbox 1050 1323 1156 1347; x_wconf 88' lang='lat' dir='ltr'>nunc</span> <span class='ocrx_word' id='word_1_161' title='bbox 1184 1309 1343 1359; x_wconf 88' lang='lat' dir='ltr'>quidem</span> <span class='ocrx_word' id='word_1_162' title='bbox 1374 1311 1508 1348; x_wconf 85' lang='lat' dir='ltr'>meu’S.</span> 
     </span>
     <span class='ocr_line' id='line_1_20' title="bbox 225 1372 1375 1423; baseline -0.002 -10"><span class='ocrx_word' id='word_1_163' title='bbox 225 1377 288 1414; x_wconf 93' lang='lat' dir='ltr'>Ps.</span> <span class='ocrx_word' id='word_1_164' title='bbox 347 1376 426 1414; x_wconf 47' lang='lat' dir='ltr'>Uin</span> <span class='ocrx_word' id='word_1_165' title='bbox 455 1372 572 1411; x_wconf 85' lang='lat' dir='ltr'>etiam</span> <span class='ocrx_word' id='word_1_166' title='bbox 603 1374 733 1412; x_wconf 86' lang='lat' dir='ltr'>dicam</span> <span class='ocrx_word' id='word_1_167' title='bbox 764 1374 873 1423; x_wconf 89' lang='lat' dir='ltr'>quod</span> <span class='ocrx_word' id='word_1_168' title='bbox 902 1387 973 1412; x_wconf 87' lang='lat' dir='ltr'>uos</span> <span class='ocrx_word' id='word_1_169' title='bbox 1003 1374 1123 1423; x_wconf 91' lang='lat' dir='ltr'>magis</span> <span class='ocrx_word' id='word_1_170' title='bbox 1153 1373 1375 1413; x_wconf 88' lang='lat' dir='ltr'>miremini?</span> 
     </span>
    </p>

    <p class='ocr_par' dir='ltr' id='par_1_10' title="bbox 226 1436 1461 1485">
     <span class='ocr_line' id='line_1_21' title="bbox 226 1436 1461 1485; baseline -0.002 -7"><span class='ocrx_word' id='word_1_171' title='bbox 226 1441 297 1478; x_wconf 78' lang='lat' dir='ltr'>CA.</span> <span class='ocrx_word' id='word_1_172' title='bbox 356 1436 500 1477; x_wconf 62' lang='lat' dir='ltr'>Stideo</span> <span class='ocrx_word' id='word_1_173' title='bbox 529 1437 661 1476; x_wconf 83' lang='lat' dir='ltr'>hercle</span> <span class='ocrx_word' id='word_1_174' title='bbox 689 1437 846 1485; x_wconf 69' lang='lat' dir='ltr'>audire,</span> <span class='ocrx_word' id='word_1_175' title='bbox 886 1450 978 1475; x_wconf 89' lang='lat' dir='ltr'>nam</span> <span class='ocrx_word' id='word_1_176' title='bbox 1008 1438 1075 1476; x_wconf 89' lang='lat' dir='ltr'>ted</span> <span class='ocrx_word' id='word_1_177' title='bbox 1103 1439 1282 1476; x_wconf 89' lang='lat' dir='ltr'>ausculto</span> <span class='ocrx_word' id='word_1_178' title='bbox 1311 1439 1461 1476; x_wconf 89' lang='lat' dir='ltr'>lubens.</span> 
     </span>
    </p>

    <p class='ocr_par' dir='ltr' id='par_1_11' title="bbox 161 1502 1444 1553">
     <span class='ocr_line' id='line_1_22' title="bbox 161 1502 1444 1553; baseline -0.001 -13"><span class='ocrx_word' id='word_1_179' title='bbox 161 1523 209 1540; x_wconf 83' lang='lat'>110</span> <span class='ocrx_word' id='word_1_180' title='bbox 227 1506 278 1543; x_wconf 83' lang='lat' dir='ltr'>S1.</span> <span class='ocrx_word' id='word_1_181' title='bbox 336 1505 421 1553; x_wconf 89' lang='lat' dir='ltr'>Age</span> <span class='ocrx_word' id='word_1_182' title='bbox 448 1503 567 1549; x_wconf 72' lang='lat' dir='ltr'>dum,</span> <span class='ocrx_word' id='word_1_183' title='bbox 606 1515 697 1540; x_wconf 85' lang='lat' dir='ltr'>nam</span> <span class='ocrx_word' id='word_1_184' title='bbox 727 1502 818 1540; x_wconf 77' lang='lat' dir='ltr'>satis</span> <span class='ocrx_word' id='word_1_185' title='bbox 847 1503 1027 1540; x_wconf 89' lang='lat' dir='ltr'>lubenter</span> <span class='ocrx_word' id='word_1_186' title='bbox 1055 1509 1093 1540; x_wconf 92' lang='lat' dir='ltr'>te</span> <span class='ocrx_word' id='word_1_187' title='bbox 1122 1503 1298 1540; x_wconf 86' lang='lat' dir='ltr'>ausculto</span> <span class='ocrx_word' id='word_1_188' title='bbox 1326 1502 1444 1551; x_wconf 90' lang='lat' dir='ltr'>loqui.</span> 
     </span>
    </p>

    <p class='ocr_par' dir='ltr' id='par_1_12' title="bbox 228 1565 1555 1809">
     <span class='ocr_line' id='line_1_23' title="bbox 228 1565 1554 1617; baseline -0.002 -11"><span class='ocrx_word' id='word_1_189' title='bbox 228 1571 290 1607; x_wconf 89' lang='lat' dir='ltr'>Ps.</span> <span class='ocrx_word' id='word_1_190' title='bbox 347 1567 456 1605; x_wconf 88' lang='lat' dir='ltr'>Prius</span> <span class='ocrx_word' id='word_1_191' title='bbox 485 1579 603 1615; x_wconf 91' lang='lat' dir='ltr'>quarn</span> <span class='ocrx_word' id='word_1_192' title='bbox 633 1567 744 1605; x_wconf 82' lang='lat' dir='ltr'>istam</span> <span class='ocrx_word' id='word_1_193' title='bbox 775 1580 947 1617; x_wconf 88' lang='lat' dir='ltr'>pugnam</span> <span class='ocrx_word' id='word_1_194' title='bbox 975 1568 1170 1617; x_wconf 88' lang='lat' dir='ltr'>pugnabo,</span> <span class='ocrx_word' id='word_1_195' title='bbox 1203 1579 1275 1616; x_wconf 90' lang='lat' dir='ltr'>ego</span> <span class='ocrx_word' id='word_1_196' title='bbox 1304 1566 1422 1605; x_wconf 91' lang='lat' dir='ltr'>etiarn</span> <span class='ocrx_word' id='word_1_197' title='bbox 1450 1565 1554 1616; x_wconf 87' lang='lat' dir='ltr'>prius</span> 
     </span>
     <span class='ocr_line' id='line_1_24' title="bbox 229 1630 1554 1680; baseline -0.002 -10"><span class='ocrx_word' id='word_1_198' title='bbox 229 1632 346 1670; x_wconf 81' lang='lat' dir='ltr'>Dabo</span> <span class='ocrx_word' id='word_1_199' title='bbox 373 1630 490 1669; x_wconf 76' lang='lat' dir='ltr'>aliam</span> <span class='ocrx_word' id='word_1_200' title='bbox 518 1643 690 1680; x_wconf 88' lang='lat' dir='ltr'>pugnarn</span> <span class='ocrx_word' id='word_1_201' title='bbox 720 1631 862 1668; x_wconf 90' lang='lat' dir='ltr'>claram</span> <span class='ocrx_word' id='word_1_202' title='bbox 892 1637 930 1669; x_wconf 87' lang='lat' dir='ltr'>et</span> <span class='ocrx_word' id='word_1_203' title='bbox 959 1630 1343 1670; x_wconf 88' lang='lat' dir='ltr'>conmemorabilem.</span> <span class='ocrx_word' id='word_1_204' title='bbox 1479 1633 1554 1680; x_wconf 85' lang='lat'>526</span> 
     </span>
     <span class='ocr_line' id='line_1_25' title="bbox 230 1693 1555 1744; baseline -0.002 -10"><span class='ocrx_word' id='word_1_205' title='bbox 230 1699 280 1735; x_wconf 90' lang='lat' dir='ltr'>S1.</span> <span class='ocrx_word' id='word_1_206' title='bbox 340 1696 470 1744; x_wconf 85' lang='lat' dir='ltr'>Quam</span> <span class='ocrx_word' id='word_1_207' title='bbox 499 1696 700 1744; x_wconf 84' lang='lat' dir='ltr'>pugnam?</span> <span class='ocrx_word' id='word_1_208' title='bbox 755 1696 818 1734; x_wconf 86' lang='lat' dir='ltr'>PS.</span> <span class='ocrx_word' id='word_1_209' title='bbox 862 1695 947 1741; x_wconf 88' lang='lat' dir='ltr'>Em,</span> <span class='ocrx_word' id='word_1_210' title='bbox 974 1695 1025 1733; x_wconf 91' lang='lat' dir='ltr'>ab</span> <span class='ocrx_word' id='word_1_211' title='bbox 1053 1695 1130 1732; x_wconf 93' lang='lat' dir='ltr'>hoc</span> <span class='ocrx_word' id='word_1_212' title='bbox 1157 1695 1300 1733; x_wconf 91' lang='lat' dir='ltr'>lenone</span> <span class='ocrx_word' id='word_1_213' title='bbox 1328 1693 1459 1732; x_wconf 90' lang='lat' dir='ltr'>uicino</span> <span class='ocrx_word' id='word_1_214' title='bbox 1488 1702 1555 1732; x_wconf 92' lang='lat' dir='ltr'>tuo</span> 
     </span>
     <span class='ocr_line' id='line_1_26' title="bbox 232 1758 1183 1809; baseline -0.002 -11"><span class='ocrx_word' id='word_1_215' title='bbox 232 1763 305 1799; x_wconf 89' lang='lat' dir='ltr'>Per</span> <span class='ocrx_word' id='word_1_216' title='bbox 333 1758 628 1809; x_wconf 86' lang='lat' dir='ltr'>sycophantiam</span> <span class='ocrx_word' id='word_1_217' title='bbox 658 1765 775 1806; x_wconf 86' lang='lat' dir='ltr'>atque</span> <span class='ocrx_word' id='word_1_218' title='bbox 804 1771 873 1807; x_wconf 90' lang='lat' dir='ltr'>per</span> <span class='ocrx_word' id='word_1_219' title='bbox 901 1758 1041 1796; x_wconf 86' lang='lat' dir='ltr'>doctos</span> <span class='ocrx_word' id='word_1_220' title='bbox 1071 1759 1183 1796; x_wconf 93' lang='lat' dir='ltr'>dolos</span> 
     </span>
    </p>

    <p class='ocr_par' dir='ltr' id='par_1_13' title="bbox 166 1822 1210 1872">
     <span class='ocr_line' id='line_1_27' title="bbox 166 1822 1210 1872; baseline -0.003 -9"><span class='ocrx_word' id='word_1_221' title='bbox 166 1823 452 1870; x_wconf 71' lang='lat' dir='ltr'>115Tibicinam</span> <span class='ocrx_word' id='word_1_222' title='bbox 481 1823 586 1860; x_wconf 91' lang='lat' dir='ltr'>illam</span> <span class='ocrx_word' id='word_1_223' title='bbox 616 1830 704 1860; x_wconf 88' lang='lat' dir='ltr'>tuus</span> <span class='ocrx_word' id='word_1_224' title='bbox 734 1834 853 1870; x_wconf 85' lang='lat' dir='ltr'>quam</span> <span class='ocrx_word' id='word_1_225' title='bbox 881 1829 1021 1871; x_wconf 88' lang='lat' dir='ltr'>gnatus</span> <span class='ocrx_word' id='word_1_226' title='bbox 1050 1822 1210 1872; x_wconf 90' lang='lat' dir='ltr'>deperit,</span> 
     </span>
    </p>

    <p class='ocr_par' dir='ltr' id='par_1_14' title="bbox 235 1886 1558 2000">
     <span class='ocr_line' id='line_1_28' title="bbox 235 1886 1558 1936; baseline -0.003 -10"><span class='ocrx_word' id='word_1_227' title='bbox 235 1890 292 1926; x_wconf 89' lang='lat' dir='ltr'>Ea</span> <span class='ocrx_word' id='word_1_228' title='bbox 319 1888 610 1926; x_wconf 89' lang='lat' dir='ltr'>circumducam</span> <span class='ocrx_word' id='word_1_229' title='bbox 638 1886 768 1936; x_wconf 90' lang='lat' dir='ltr'>lepide</span> <span class='ocrx_word' id='word_1_230' title='bbox 797 1888 1004 1934; x_wconf 72' lang='lat' dir='ltr'>lenonem,</span> <span class='ocrx_word' id='word_1_231' title='bbox 1038 1893 1076 1924; x_wconf 90' lang='lat' dir='ltr'>et</span> <span class='ocrx_word' id='word_1_232' title='bbox 1106 1886 1266 1935; x_wconf 86' lang='lat' dir='ltr'>quidem</span> <span class='ocrx_word' id='word_1_233' title='bbox 1483 1897 1558 1935; x_wconf 88' lang='lat'>530</span> 
     </span>
     <span class='ocr_line' id='line_1_29' title="bbox 237 1950 1412 2000; baseline -0.003 -10"><span class='ocrx_word' id='word_1_234' title='bbox 237 1953 439 1990; x_wconf 88' lang='lat' dir='ltr'>chectum</span> <span class='ocrx_word' id='word_1_235' title='bbox 468 1952 567 1988; x_wconf 91' lang='lat' dir='ltr'>hoce</span> <span class='ocrx_word' id='word_1_236' title='bbox 597 1951 660 1988; x_wconf 87' lang='lat' dir='ltr'>die</span> <span class='ocrx_word' id='word_1_237' title='bbox 688 1950 852 1988; x_wconf 89' lang='lat' dir='ltr'>reddam</span> <span class='ocrx_word' id='word_1_238' title='bbox 881 1958 1088 2000; x_wconf 90' lang='lat' dir='ltr'>utrumque</span> <span class='ocrx_word' id='word_1_239' title='bbox 1116 1951 1165 1988; x_wconf 91' lang='lat' dir='ltr'>ad</span> <span class='ocrx_word' id='word_1_240' title='bbox 1194 1962 1412 1999; x_wconf 88' lang='lat' dir='ltr'>uesperum.</span> 
     </span>
    </p>
   </div>
   <div class='ocr_carea' id='block_1_5' title="bbox 236 2012 1439 2127">
    <p class='ocr_par' dir='ltr' id='par_1_15' title="bbox 236 2012 1439 2127">
     <span class='ocr_line' id='line_1_30' title="bbox 236 2012 1439 2064; baseline -0.003 -10"><span class='ocrx_word' id='word_1_241' title='bbox 236 2017 290 2054; x_wconf 77' lang='lat' dir='ltr'>St.</span> <span class='ocrx_word' id='word_1_242' title='bbox 346 2014 385 2053; x_wconf 91' lang='lat' dir='ltr'>Si</span> <span class='ocrx_word' id='word_1_243' title='bbox 413 2015 572 2064; x_wconf 86' lang='lat' dir='ltr'>quidem</span> <span class='ocrx_word' id='word_1_244' title='bbox 601 2015 724 2052; x_wconf 83' lang='lat' dir='ltr'>istaec</span> <span class='ocrx_word' id='word_1_245' title='bbox 752 2026 883 2062; x_wconf 87' lang='lat' dir='ltr'>opera,</span> <span class='ocrx_word' id='word_1_246' title='bbox 912 2020 955 2051; x_wconf 91' lang='lat' dir='ltr'>ut</span> <span class='ocrx_word' id='word_1_247' title='bbox 982 2013 1194 2063; x_wconf 89' lang='lat' dir='ltr'>praedicas,</span> <span class='ocrx_word' id='word_1_248' title='bbox 1225 2012 1439 2062; x_wconf 87' lang='lat' dir='ltr'>perfeceris,</span> 
     </span>
     <span class='ocr_line' id='line_1_31' title="bbox 237 2076 1025 2127; baseline -0.004 -10"><span class='ocrx_word' id='word_1_249' title='bbox 237 2079 391 2118; x_wconf 87' lang='lat' dir='ltr'>Uirtute</span> <span class='ocrx_word' id='word_1_250' title='bbox 420 2078 497 2127; x_wconf 79' lang='lat' dir='ltr'>regi</span> <span class='ocrx_word' id='word_1_251' title='bbox 525 2076 733 2127; x_wconf 89' lang='lat' dir='ltr'>Agathocli</span> <span class='ocrx_word' id='word_1_252' title='bbox 761 2077 1025 2115; x_wconf 89' lang='lat' dir='ltr'>antecesseris.</span> 
     </span>
    </p>
   </div>
   <div class='ocr_carea' id='block_1_6' title="bbox 173 2141 1578 2319">
    <p class='ocr_par' dir='ltr' id='par_1_16' title="bbox 173 2141 1578 2319">
     <span class='ocr_line' id='line_1_32' title="bbox 173 2141 1578 2191; baseline -0.001 -11"><span class='ocrx_word' id='word_1_253' title='bbox 173 2165 218 2181; x_wconf 89' lang='lat'>120</span> <span class='ocrx_word' id='word_1_254' title='bbox 237 2143 314 2182; x_wconf 89' lang='lat' dir='ltr'>Sed</span> <span class='ocrx_word' id='word_1_255' title='bbox 343 2142 374 2180; x_wconf 89' lang='lat' dir='ltr'>si</span> <span class='ocrx_word' id='word_1_256' title='bbox 402 2155 482 2180; x_wconf 87' lang='lat' dir='ltr'>non</span> <span class='ocrx_word' id='word_1_257' title='bbox 511 2142 618 2189; x_wconf 85' lang='lat' dir='ltr'>faxis,</span> <span class='ocrx_word' id='word_1_258' title='bbox 649 2154 744 2179; x_wconf 91' lang='lat' dir='ltr'>num</span> <span class='ocrx_word' id='word_1_259' title='bbox 773 2141 868 2190; x_wconf 89' lang='lat' dir='ltr'>quid</span> <span class='ocrx_word' id='word_1_260' title='bbox 897 2154 1032 2179; x_wconf 85' lang='lat' dir='ltr'>causae</span> <span class='ocrx_word' id='word_1_261' title='bbox 1060 2148 1118 2179; x_wconf 92' lang='lat' dir='ltr'>est</span> <span class='ocrx_word' id='word_1_262' title='bbox 1146 2141 1236 2179; x_wconf 87' lang='lat' dir='ltr'>ilico</span> <span class='ocrx_word' id='word_1_263' title='bbox 1485 2154 1504 2191; x_wconf 90' lang='lat'><strong>5</strong></span> <span class='ocrx_word' id='word_1_264' title='bbox 1512 2146 1578 2191; x_wconf 83' lang='lat'>34&#39;</span> 
     </span>
     <span class='ocr_line' id='line_1_33' title="bbox 239 2205 1560 2256; baseline -0.002 -11"><span class='ocrx_word' id='word_1_265' title='bbox 239 2207 357 2256; x_wconf 79' lang='lat' dir='ltr'>Quin¹</span> <span class='ocrx_word' id='word_1_266' title='bbox 374 2214 413 2245; x_wconf 91' lang='lat' dir='ltr'>te</span> <span class='ocrx_word' id='word_1_267' title='bbox 440 2205 481 2244; x_wconf 91' lang='lat' dir='ltr'>in</span> <span class='ocrx_word' id='word_1_268' title='bbox 509 2206 713 2256; x_wconf 89' lang='lat' dir='ltr'>pistrinum</span> <span class='ocrx_word' id='word_1_269' title='bbox 741 2206 941 2244; x_wconf 84' lang='lat' dir='ltr'>condam?</span> <span class='ocrx_word' id='word_1_270' title='bbox 995 2207 1058 2243; x_wconf 93' lang='lat' dir='ltr'>Ps.</span> <span class='ocrx_word' id='word_1_271' title='bbox 1103 2207 1197 2244; x_wconf 91' lang='lat' dir='ltr'>Non</span> <span class='ocrx_word' id='word_1_272' title='bbox 1224 2218 1345 2243; x_wconf 90' lang='lat' dir='ltr'>unum</span> <span class='ocrx_word' id='word_1_273' title='bbox 1374 2206 1414 2244; x_wconf 82' lang='lat' dir='ltr'>in</span> <span class='ocrx_word' id='word_1_274' title='bbox 1443 2205 1560 2253; x_wconf 90' lang='lat' dir='ltr'>diem,</span> 
     </span>
     <span class='ocr_line' id='line_1_34' title="bbox 240 2270 1508 2319; baseline -0.003 -8"><span class='ocrx_word' id='word_1_275' title='bbox 240 2273 389 2311; x_wconf 88' lang='lat' dir='ltr'>Uerum</span> <span class='ocrx_word' id='word_1_276' title='bbox 418 2272 547 2310; x_wconf 89' lang='lat' dir='ltr'>hercle</span> <span class='ocrx_word' id='word_1_277' title='bbox 575 2271 616 2308; x_wconf 91' lang='lat' dir='ltr'>in</span> <span class='ocrx_word' id='word_1_278' title='bbox 644 2270 784 2316; x_wconf 90' lang='lat' dir='ltr'>omnis,</span> <span class='ocrx_word' id='word_1_279' title='bbox 814 2277 1003 2319; x_wconf 89' lang='lat' dir='ltr'>quantum</span> <span class='ocrx_word' id='word_1_280' title='bbox 1031 2277 1099 2308; x_wconf 91' lang='lat' dir='ltr'>est.</span> <span class='ocrx_word' id='word_1_281' title='bbox 1156 2270 1233 2308; x_wconf 90' lang='lat' dir='ltr'>Sed</span> <span class='ocrx_word' id='word_1_282' title='bbox 1261 2270 1292 2308; x_wconf 89' lang='lat' dir='ltr'>si</span> <span class='ocrx_word' id='word_1_283' title='bbox 1321 2271 1508 2315; x_wconf 89' lang='lat' dir='ltr'>ecfecero‚</span> 
     </span>
    </p>
   </div>
   <div class='ocr_carea' id='block_1_7' title="bbox 1716 0 1747 768">
    <p class='ocr_par' dir='ltr' id='par_1_17' title="bbox 1716 0 1747 768">
     <span class='ocr_line' id='line_1_35' title="bbox 1716 0 1747 768; baseline 0 1852"><span class='ocrx_word' id='word_1_284' title='bbox 1716 0 1747 768; x_wconf 95' lang='lat' dir='ltr'> </span> 
     </span>
    </p>
   </div>
  </div>
 </body>
</html>
