1747 2620
108 166 127 202 I
154 177 184 211 1,
207 162 382 217 43—75]
584 166 864 205 PSEUDOL
875 167 953 206 US.
1414 183 1434 220 7

107 269 178 307 CA.
238 267 362 317 Perii3
401 269 564 308 salutem
594 282 790 319 nusquam
819 269 991 317 inuenio,
1024 272 1231 318 Pseudole,
1384 286 1432 323 45

106 333 235 382 Quam
257 333 310 371 illi
330 333 534 372 remittam.
587 335 649 372 Ps.
688 335 817 383 Quam
839 336 1033 373 salutern?
1080 336 1152 374 CA.
1184 338 1432 386 Argenteam.

54 416 85 440 45
107 398 167 435 Ps.
227 398 303 435 Pro
332 396 488 445 lignean
518 397 641 435 salute
669 397 728 435 uis
756 406 982 447 argenteam

104 460 321 499 Remittere
350 461 433 499 illi?
470 461 563 500 uide
592 462 643 499 sis
672 475 789 511 quam
820 470 861 500 tu
889 476 971 500 rem
999 476 1118 512 geras.

104 525 174 564 CA.
235 525 375 564 Recita
404 526 549 574 mod03
588 539 634 564 ex
663 526 815 564 tabellis
844 526 922 564 iam
950 528 1038 565 faxo
1067 527 1177 574 scies,

103 591 234 639 Quam
264 591 394 630 subito
423 599 583 641 argento
612 591 707 630 mihi
737 605 830 630 usus
860 592 1022 630 inuento
1051 593 1135 631 siet.
1382 607 1432 646 50

102 656 163 694 Ps.
227 657 372 695 “Leno
401 669 463 694 me
492 669 653 706 peregre
681 656 793 695 militi
824 656 1066 695 Macedonio

51 741 84 765 50
103 719 223 759 Minis
251 720 399 771 uiginti,
430 734 518 760 mea
546 723 739 771 uoluptas,
768 721 958 760 uendidit.

102 787 153 824 Et
180 786 286 835 prius
315 799 433 836 quam
462 785 554 824 hinc
582 786 677 825 abiit
706 786 932 836 quindecim
960 785 1071 825 miles
1100 786 1226 826 minas

101 851 298 899 Dederat3
337 863 444 888 nunc
472 864 573 890 unae
603 840 783 901 quinque¹
806 858 1049 890 remorantur
1076 852 1218 890 minae.

100 917 159 953 Ea
187 928 304 954 causa
332 916 443 954 miles
471 916 534 954 hic
562 916 716 966 reliquit
746 917 978 966 symbolum,
1378 929 1428 969 55

99 980 332 1030 Expressam
361 979 401 1018 in
430 993 520 1019 cera
548 994 595 1019 ex
622 982 741 1020 anulo
770 995 880 1020 suam
908 980 1131 1031 imaginem,

49 1061 80 1086 55
97 1045 156 1084 Ut
184 1044 250 1094 qui
278 1046 355 1084 huc
384 1046 550 1084 adferret
578 1045 661 1084 eius
690 1045 856 1084 similem
886 1047 1108 1096 symbolum

100 1110 201 1161 Qum
231 1123 279 1148 eo
308 1111 422 1148 simul
450 1123 514 1149 me
543 1111 737 1158 mitteret3
775 1111 810 1150 ei
838 1111 892 1149 rei
922 1111 1005 1149 dies

99 1177 215 1214 Haec
243 1176 473 1225 praestituta
501 1183 561 1214 est
588 1189 778 1226 proxuma
807 1174 1034 1225 Dionysia.'’

99 1241 195 1280 Cras
221 1253 267 1279 ea
293 1239 451 1290 quidem
479 1247 578 1279 sunt.
638 1241 710 1280 CA.
760 1242 888 1290 Prope
913 1240 1025 1278 adest
1052 1239 1212 1278 exitium
1239 1239 1346 1287 mihi,
1379 1243 1428 1279 60

99 1305 185 1344 Nisi
215 1305 310 1355 quid
339 1305 434 1343 mihi
462 1304 503 1343 in
532 1312 570 1343 te
600 1312 658 1344 est
687 1304 815 1343 auxili.
892 1306 956 1343 Ps.
1014 1303 1108 1343 Sine
1136 1306 1347 1356 perlegam.

47 1379 80 1404 60
97 1369 171 1409 CA.
229 1368 346 1417 Sin03
384 1381 476 1406 nam
505 1368 601 1406 mihi
628 1368 766 1407 uideor
793 1381 882 1406 curn
911 1381 957 1406 ea
984 1368 1201 1408 fabularier.

97 1433 203 1483 Lege
217 1446 228 1480 3
265 1434 380 1472 dulce
409 1446 666 1482 amarumque
695 1446 772 1471 una
800 1446 906 1470 nunc
935 1431 1075 1470 misces
1104 1432 1211 1470 mihi.

98 1499 161 1536 Ps.
221 1498 375 1536 “Nunc
403 1497 525 1535 nostri
554 1511 706 1536 amores
736 1510 864 1536 mores
893 1496 1198 1535 consuetudines

98 1562 215 1599 Iocus
242 1561 358 1599 ludus
387 1574 514 1600 sermo
541 1560 858 1611 suauisuauiatio‚
1219 1561 1224 1563 ⁴
1376 1562 1424 1611 65

45 1660 46 1663 ,
99 1626 409 1675 Conpressiones
437 1634 544 1664 artae
572 1634 773 1664 amantum
801 1620 1030 1675 conparum,

47 1699 79 1730 65
94 1689 259 1728 Teneris
287 1691 438 1729 labellis
466 1692 604 1730 molles
623 1691 932 1743 morsiuncuhe,

97 1755 331 1792 Nostrorum
360 1754 557 1805 orgiorum
586 1755 925 1801 osculatiunculae,

98 1817 333 1868 Papillarum
361 1820 644 1858 horridularum
674 1819 1040 1870 oppressiunculae:

98 1884 262 1921 Harunc
291 1884 537 1932 uoluptatum
567 1883 663 1922 mihi
692 1883 867 1922 omnium
896 1890 1014 1933 atque
1042 1882 1178 1921 itidem
1208 1881 1279 1922 tibi
1377 1895 1425 1931 70

97 1947 311 1986 Distractio
340 1947 547 1986 discidium
577 1947 751 1987 uastities
779 1948 898 1994 uenit,

47 2028 80 2052 70
99 2011 184 2050 Nisi
213 2011 438 2061 quaemihi
467 2012 507 2050 in
537 2019 575 2051 te
604 2020 661 2050 est
690 2020 757 2050 aut
786 2012 855 2050 tibi
885 2018 943 2050 est
972 2011 1012 2049 in
1042 2024 1104 2050 me
1134 2012 1250 2058 salus,

98 2077 212 2114 Haec
241 2089 343 2125 quae
371 2090 444 2126 ego
473 2077 570 2115 sciui
598 2085 642 2116 ut
670 2077 786 2115 scires
815 2076 946 2115 curaui
975 2076 1130 2122 omnia3

97 2141 215 2179 Nunc
244 2153 317 2190 ego
346 2148 384 2180 te
414 2142 589 2191 experiar
617 2141 713 2192 quid
742 2154 861 2187 ames,
891 2140 987 2190 quid
1016 2140 1182 2179 simules.
1242 2140 1380 2179 Uale.'’

98 2205 195 2243 CA„
229 2205 300 2242 Est
328 2205 467 2244 misere
496 2205 694 2256 scriptum,
725 2206 931 2244 Pseudole.
999 2206 1063 2242 PS.
1119 2205 1155 2243 O
1185 2203 1419 2242 miserrume.

98 2268 170 2306 CA.
220 2269 326 2317 Quin
354 2270 453 2308 fles?
508 2272 571 2309 Ps.
621 2270 828 2309 Pumiceos
857 2270 993 2308 oculos
1021 2269 1175 2317 habe03
1210 2281 1291 2307 non
1321 2281 1423 2317 queo

48 2346 78 2372 ⁷5
99 2331 317 2371 Lacrimam
345 2346 502 2373 exorare
530 2342 573 2374 ut
601 2342 793 2386 exspuant
820 2347 939 2373 unam
968 2334 1100 2373 modo.
1376 2343 1419 2380 77
