1747 2620
295 145 345 193 56

297 246 379 283 HA.

296 375 351 413 Si.

778 142 1057 181 PSEUDOL
1067 142 1144 180 [ss.
1311 139 1389 194 [1v
1411 152 1444 190 7,
1465 140 1622 189 67—86

449 246 579 294 Quam
627 258 719 283 mox
766 244 861 282 mihi
907 257 1066 294 operam
1113 244 1212 281 das?
1295 244 1364 281 BA.
1431 242 1524 281 Tibi
1571 241 1623 280 do

402 310 598 359 equidem.
658 309 764 358 Quid
793 322 898 347 nunc
927 308 1023 346 mihi
1051 321 1093 346 es
1121 314 1267 352 auctor,
1297 307 1434 346 Simo?

411 375 704 423 Exploratorem
725 373 830 410 hunc
848 373 1035 410 faciamus
1056 372 1170 409 ludos
1189 371 1497 420 suppossticium,
1523 381 1624 417 1170

297 438 410 476 Adeo
439 436 627 476 donicum
657 436 764 486 ipsus
795 449 880 474 sese
909 437 1023 483 ludos
1052 435 1132 473 fieri
1162 434 1333 472 senserit.

244 526 277 550 70
296 503 373 540 Ba.

298 631 367 667 BA.

442 502 623 550 Sequere.
692 499 801 547 Quid
841 499 925 538 ais?
974 512 1117 548 nempe
1158 506 1199 536 tu
1238 498 1338 536 illius
1379 510 1513 536 seruos
1556 492 1627 536 es?

404 565 486 601 HA.
545 562 801 600 Planissume.

426 628 574 677 Quanti
612 635 650 666 te
689 627 811 665 emit?
887 628 968 665 HA.
1038 627 1202 668 Suarum
1240 625 1279 663 in
1318 638 1448 675 pugna
1485 624 1625 663 uirium

403 692 590 740 uictoria3
1077 690 1080 695 ’

299 759 403 795 Nam
432 770 506 806 ego
535 770 641 795 eram
671 755 780 794 domi
810 756 1008 805 inperator
1036 767 1212 792 summus
1242 753 1281 792 in
1310 753 1436 803 patria
1463 765 1561 791 mea.
1588 753 1591 755 ’

297 822 372 859 Ba.

297 952 379 989 Ha.

431 823 496 859 An
525 820 643 859 etiam
670 820 734 859 ille
761 832 949 869 umquam
976 818 1214 868 expugnauit
1240 830 1434 856 carcerem
1461 817 1628 866 patriam

406 886 545 923 tuam?
1527 893 1625 931 1175
1647 896 1657 919 r

440 949 731 988 Contumeliam
761 948 793 987 si
822 949 940 996 dices,
971 948 1118 986 audies.
1199 949 1270 985 BA.
1331 947 1534 995 Quotumo
1564 945 1629 984 die

249 1033 279 1057 75
300 1017 358 1053 Ex
387 1014 554 1064 Sicyone
583 1014 659 1051 huc
688 1013 933 1063 peruenisti?
1008 1014 1090 1051 HA.
1149 1013 1284 1050 Altero
1313 1013 1363 1049 ad
1392 1011 1608 1049 meridiem.

297 1079 374 1116 Ba.

433 1077 598 1115 Strenue
630 1076 854 1114 mehercule
888 1074 961 1113 isti.
1021 1073 1211 1123 Quamuis
1244 1072 1382 1123 pernix
1414 1073 1477 1111 hic
1509 1074 1630 1111 homo

406 1148 475 1179 est.

255 1230 260 1237 .
300 1205 383 1245 Ubi
430 1218 558 1243 suram
600 1204 807 1254 adspicias,
852 1204 951 1243 scias
999 1216 1116 1253 posse
1165 1216 1254 1241 eum
1302 1216 1434 1252 gerere
1481 1215 1630 1253 crassas

302 1337 383 1373 HA.

301 1465 381 1502 Ha.

252 1602 286 1626 80
305 1594 385 1631 HA.

306 1724 376 1760 BA.

308 1851 389 1888 HA.

306 1979 388 2016 Ha.

309 2109 385 2145 Ba.

407 1284 483 1309 con
515 1270 608 1309 edis.

435 1336 453 1372 I
484 1284 524 1372 iii
553 1335 697 1372 malam
727 1347 893 1372 crucem.
953 1335 1024 1371 BA.
1076 1333 1124 1371 Id
1151 1332 1284 1371 licebit
1310 1332 1386 1370 iam
1413 1330 1485 1370 tibi
1510 1331 1632 1370 hodie

408 1397 581 1448 temperi.
1531 1397 1629 1444 1185

441 1462 546 1512 Quin
568 1471 609 1500 tu
631 1462 832 1500 mulierem
853 1461 948 1499 mihi
969 1461 1142 1499 emittis?
1175 1468 1242 1498 aut
1268 1461 1390 1498 redde
1416 1468 1630 1509 argentum.

409 1529 486 1566 Ba.
546 1529 677 1565 Mane.
1427 1523 1439 1536 Χ

428 1591 537 1640 Quid
566 1592 778 1629 maneam?
837 1592 908 1628 BA.
959 1591 1220 1639 Chlamydem
1249 1589 1351 1626 hanc
1380 1600 1634 1627 conmemora

411 1654 548 1705 quanti
577 1656 774 1693 conducta
803 1663 871 1693 est.
950 1656 1031 1692 HA.
1090 1654 1198 1702 Quid
1228 1654 1314 1691 est?

454 1720 563 1769 Quid
610 1727 732 1758 meret
780 1720 1015 1758 machaera?
1090 1720 1170 1756 HA.
1251 1719 1480 1756 Elleborum
1526 1717 1634 1757 hisce

412 1783 637 1823 hominibus
667 1797 766 1833 opus
796 1792 865 1821 est.
943 1785 1014 1821 BA.
1075 1784 1174 1820 Eho.

449 1848 577 1892 Mitte.
649 1849 717 1885 BA.
779 1848 886 1895 Quid
915 1846 1107 1885 mercedis
1136 1854 1295 1895 petasus
1324 1844 1444 1883 hodie
1473 1845 1636 1883 domino

413 1913 618 1952 demeret?

448 1976 552 2025 Quoi
581 1975 774 2014 domino?
831 1973 937 2023 Quid
967 1973 1198 2013 somniatis?
1234 1986 1323 2011 mea
1351 1971 1511 2021 quidem
1539 1972 1638 2010 haec

414 2042 543 2079 habeo
573 2041 716 2079 omnia.
1537 2049 1638 2086 1190

426 2105 642 2154 Responde
663 2105 827 2142 obsecro
850 2104 980 2141 hercle
1000 2115 1093 2141 uero
1120 2102 1219 2140 serio
1239 2102 1316 2139 hoc
1335 2101 1443 2150 quod
1463 2108 1501 2138 te
1519 2113 1637 2150 rogo:

259 2185 291 2215 85
311 2170 417 2218 Quid
446 2169 602 2207 meres?
639 2167 832 2217 quantillo
862 2175 1024 2216 argento
1053 2175 1091 2205 te
1121 2164 1309 2204 conduxit
1339 2165 1586 2203 Pseudolus?

309 2235 392 2272 Ha.

453 2231 532 2280 Qui
570 2231 655 2270 istic
693 2232 959 2270 Pseudolust?
1033 2232 1105 2268 BA.
1164 2232 1398 2278 Praeceptor
1436 2236 1536 2274 tuuS,
1572 2227 1639 2277 qui

418 2305 457 2336 te
485 2298 586 2335 hanc
614 2295 809 2334 fallaciam
1538 2303 1637 2341 1195
