1747 2620
286 146 335 194 36
763 144 874 183 PSE
883 144 1041 183 UDOL
1055 146 1129 184 US.
1311 142 1371 198 [ΙΙ
1392 159 1428 192 4,
1453 156 1604 195 25—45

238 267 268 291 25
288 251 358 290 CA.
417 250 677 300 Symbolum?
717 262 834 298 quem
868 249 1118 299 symbolum?
1191 251 1254 288 ΡΞ.
1313 249 1390 298 Qui
1423 263 1446 288 a
1483 249 1606 289 milite

393 314 562 355 adlatust
591 313 721 351 modo.

287 380 381 416 Eius
411 391 544 417 seruos
573 377 637 426 qui
667 378 771 415 hunc
799 377 946 415 ferebat
974 389 1063 414 cum
1092 375 1266 425 quinque
1299 377 1445 427 argenti
1478 375 1604 423 minis,

285 443 413 479 Tuam
441 441 508 490 qui
536 441 703 479 amicam
731 435 823 477 hinc
851 442 1081 487 arcessebat,
1113 440 1147 478 ei
1176 453 1220 478 os
1249 441 1400 479 subleui
1429 442 1559 488 modo.

288 508 359 546 CA.
419 507 509 554 Quo
538 506 687 543 modo?
761 506 842 542 Ps..
886 506 1042 543 Horum
1072 517 1190 542 causa
1218 505 1315 543 haec
1344 505 1468 554 agitur
1501 518 1608 555 spec-

392 578 559 608 tatorum
589 571 741 618 fabula3
1185 576 1188 577 ’
1557 616 1559 622 y

288 636 345 674 Hi
373 636 512 682 sciunt,
542 635 610 684 qui
638 635 701 673 hic
725 635 938 673 adfuerunt
952 647 963 682 3
1000 633 1113 673 uobis
1142 641 1229 683 post
1258 647 1475 673 narrauero.
1531 644 1576 682 72
1584 645 1603 684 5

237 721 269 743 30
287 702 359 741 CA.
419 700 523 748 Quid
570 712 676 737 nunc
722 699 902 748 agimus?
976 701 1039 737 Ps.
1107 699 1288 737 Liberam
1335 699 1453 737 hodie
1499 707 1605 737 tuam

392 764 558 802 amicam
588 764 872 812 amplexabere.

288 831 358 868 CA.
417 829 584 878 Egone?
658 830 719 866 Ps.
786 829 848 865 Tu
886 826 973 865 istic
1010 826 1126 877 ipsus,
1167 827 1338 876 inquam,
1379 826 1410 865 si
1448 826 1608 876 quidem

390 894 466 931 hoc
496 894 605 945 uiuet
631 898 770 941 caput3

287 957 325 995 Si
363 958 483 995 modo
521 955 615 994 mihi
653 956 853 994 hominem
891 954 1100 994 inuenietis
1139 968 1313 1005 propere.
1383 956 1459 994 CH.
1521 956 1609 1004 Qua

394 1021 521 1059 facie?
593 1022 656 1059 Ps.
716 1022 868 1058 Malum

288 1086 484 1126 Callidum
514 1087 688 1132 doctum,
712 1086 786 1135 qui
816 1085 976 1135 quando
1004 1084 1239 1135 principium
1269 1084 1527 1134 prehenderit,

289 1153 408 1189 Porro
438 1163 508 1188 sua
535 1150 675 1188 uirtute
705 1157 836 1188 teneat
866 1149 960 1198 quid
990 1162 1031 1188 se
1058 1151 1186 1188 facere
1215 1155 1402 1198 oporteat,
1534 1158 1607 1196 730

240 1231 270 1254 35
289 1217 418 1264 Atque
444 1215 510 1264 qii
537 1215 600 1252 hic
626 1228 706 1252 non
735 1214 910 1252 uisitatus
937 1227 1054 1264 saepe
1075 1214 1131 1252 sit.
1193 1215 1269 1253 CH.
1327 1213 1366 1252 Si
1386 1225 1518 1251 seruos
1538 1220 1607 1259 est,

288 1280 395 1316 Num
442 1279 537 1327 quid
583 1279 725 1316 refert?
807 1279 867 1315 Ps.
942 1279 1072 1316 I‘mmo
1116 1279 1241 1316 multo
1288 1277 1444 1315 mauolo
1491 1289 1608 1326 quam

394 1343 570 1381 liberum.

290 1408 367 1447 CH.
417 1409 537 1445 Posse
557 1406 697 1456 opinor
716 1419 779 1444 me
800 1406 890 1445 dare
911 1406 1110 1445 hominem
1126 1406 1198 1445 tibi
1214 1407 1359 1444 malum
1375 1413 1414 1445 et
1434 1406 1606 1453 doctum,

396 1473 517 1510 modo

292 1537 370 1585 Qui
399 1550 422 1574 a
450 1544 559 1586 patre
588 1535 748 1574 aduenit
778 1536 942 1586 Carysto
971 1548 1045 1574 nec
1073 1536 1167 1574 dum
1197 1535 1273 1574 exit
1302 1548 1348 1574 ex
1376 1535 1539 1573 aedibus

292 1602 501 1650 Quoquam
529 1613 657 1650 neque
683 1601 857 1639 Athenas
883 1600 1044 1638 aduenit
1068 1613 1253 1649 umquam
1272 1608 1363 1638 ante
1383 1600 1608 1638 hesternum
1645 1631 1647 1635 .

398 1665 511 1704 diem.
1531 1652 1606 1712 &35

241 1750 274 1772 40
293 1734 355 1769 Ps.
414 1732 519 1769 Bene
555 1730 674 1769 iuuas.
734 1730 810 1768 Sed
843 1729 1014 1779 quinque
1045 1728 1214 1768 inuentis
1245 1742 1344 1778 opus
1375 1736 1432 1768 est
1461 1727 1609 1778 argenti

398 1794 512 1832 minis

294 1859 454 1904 Mutuis‚
483 1871 579 1908 quas
608 1857 726 1897 hodie
753 1858 913 1896 reddam
928 1873 937 1906 3
967 1870 1057 1895 narn
1085 1857 1197 1895 huius
1225 1856 1319 1894 mihi
1345 1856 1462 1894 debet
1487 1863 1606 1905 pater.

294 1922 369 1961 CH.
429 1922 514 1970 Ego
547 1921 676 1968 dabo,
716 1933 764 1958 ne
798 1933 941 1969 quaere
973 1919 1140 1958 aliunde.
1216 1921 1278 1957 Ps.
1339 1919 1374 1957 O
1408 1917 1610 1956 hominem

399 1992 663 2034 opportunum
694 1984 798 2022 mihi.

295 2049 422 2088 Etiam
444 2055 561 2098 opust
579 2049 787 2098 chlamyde
807 2056 846 2087 et
865 2048 1070 2087 machaera
1090 2054 1127 2086 et
1146 2054 1293 2097 petaso.
1340 2046 1406 2084 Ch.
1445 2046 1633 2094 Possum,

399 2126 422 2151 a
449 2125 513 2150 me
542 2114 643 2151 dare.

292 2179 358 2215 Ps.
417 2177 469 2215 Di
502 2177 738 2223 inmortales,
775 2189 854 2215 non
888 2177 1081 2216 Charinus
1114 2174 1207 2212 mihi
1241 2174 1303 2212 hic
1341 2173 1501 2223 quidem
1540 2180 1608 2219 est,

400 2242 468 2280 sed
499 2241 634 2290 Copia.
710 2268 713 2272 ,
1536 2249 1610 2286 740

244 2323 275 2346 45
294 2307 372 2345 Sed
401 2306 471 2344 iste
501 2318 634 2344 seruos
664 2318 710 2344 ex
739 2305 915 2355 Carysto,
947 2303 1012 2354 qui
1041 2303 1103 2342 hic
1133 2303 1254 2350 adest,
1287 2301 1428 2352 ecquid
1458 2301 1585 2352 sapit?
