1747 2620
243 1261 273 1282 45

292 117 340 162 46
772 114 1049 153 PSEUDOL
1060 115 1137 153 US.
1304 111 1381 165 [IV
1405 126 1435 159 Ι,
1460 123 1616 162 37—53

292 221 354 258 Ps.
413 219 556 256 Taceo.
614 217 794 266 Sedrego
822 229 940 265 quarn
969 215 1040 254 tibi
1069 216 1177 254 dona
1205 215 1310 254 dabo
1339 222 1378 253 et
1406 215 1558 264 faciam,
1583 215 1616 254 si

396 282 498 319 hanc
528 280 655 318 sobrie
683 293 764 322 rem
793 279 1042 317 adcurassis?

291 348 344 385 Si.
402 345 518 383 Potin
559 352 602 382 ut
645 344 804 381 taceas?
850 354 1062 380 memorem
1106 340 1365 379 inmemorem
1411 340 1503 380 facit
1548 340 1616 391 qui

397 416 532 447 monet
561 409 669 457 quod
698 420 867 445 memore
891 406 1081 444 meminit.
1538 418 1613 455 945

292 476 428 512 Teneo
454 472 608 520 omnia3
637 472 677 509 in
706 481 866 520 pectore
891 471 1052 509 condita
1077 478 1166 508 sunt
1179 485 1190 519 3
1219 470 1396 509 meditati
1421 478 1511 510 sunt
1535 470 1616 509 doli

397 538 524 576 docte.

259 605 354 642 01³5.
413 603 562 640 Probus
600 607 658 639 est
695 599 759 638 hic
795 600 924 638 homo.
1004 601 1056 639 S1.
1116 601 1255 648 Neque
1292 597 1356 636 hic
1393 605 1450 636 est
1488 611 1617 648 neque

396 678 479 715 eg0.
1479 705 1490 711 ,

292 731 354 769 Ps.
414 731 476 767 Ita
503 741 567 767 me
595 728 635 766 di
664 736 845 767 ament...
905 728 956 766 S1.
1004 729 1065 765 Ita
1094 740 1174 766 non
1203 726 1374 776 facient3
1404 740 1512 766 mera
1539 726 1616 766 iam

398 794 605 833 mendacia
631 795 771 831 fundis.

293 861 355 897 Ps.
415 860 471 897 Ut
502 847 574 907 e'go
605 858 657 895 ob
688 864 807 902 tuam,
831 855 960 900 Simia,
987 855 1191 905 perfidiam
1221 864 1259 894 te
1292 868 1384 894 amo
1415 862 1454 894 et
1484 862 1618 894 metuo

398 930 436 961 et
465 923 686 971 magnifico.

292 990 345 1026 Si.
404 987 490 1035 Ego
520 985 619 1024 istuc
652 984 735 1023 aliis
770 985 862 1022 dare
896 983 1118 1032 condidici3
1158 983 1253 1021 mihi
1293 984 1502 1022 obtrudere
1536 995 1618 1021 non

398 1059 511 1100 potes
540 1051 714 1100 palpum,
1543 1058 1619 1097 950

293 1118 355 1155 Ps.
415 1117 472 1155 Ut
505 1128 578 1165 ego
607 1115 726 1153 hodie
758 1121 798 1151 te
831 1112 1023 1162 accipiam
1057 1111 1199 1161 lepide,
1234 1112 1300 1151 ubi
1330 1112 1513 1152 ecfeceris
1541 1113 1618 1151 hoc

398 1194 507 1230 opus.
586 1181 638 1218 SI.
700 1179 879 1216 Hahahe.

294 1247 355 1284 Ps.
415 1244 567 1293 Lepido
604 1242 709 1281 uictu
747 1242 840 1280 uino
878 1241 1048 1291 unguine
1086 1249 1126 1281 et
1163 1242 1263 1280 inter
1307 1242 1452 1291 pocula
1488 1242 1622 1292 pulpa-

399 1308 553 1347 mentis.

295 1373 449 1413 Ibidem
483 1385 561 1411 una
598 1371 721 1410 aderit
759 1372 896 1410 mulier
929 1371 1061 1420 lepida
1099 1371 1169 1410 tibi
1206 1371 1314 1410 sauia
1350 1371 1486 1410 suauia
1522 1383 1621 1421 quae

401 1438 478 1476 det.

294 1503 347 1540 Si.
406 1501 559 1550 Lepide
578 1499 739 1549 accipies
760 1512 834 1538 me.
912 1501 974 1538 Ps.
1034 1501 1164 1538 Immo
1189 1499 1219 1537 si
1242 1498 1404 1546 ecficies,
1428 1507 1512 1537 turn
1531 1500 1622 1538 faxo

400 1564 523 1614 magis
552 1564 669 1602 dicas.

294 1632 346 1668 S1.
406 1629 492 1667 Nisi
521 1630 707 1674 ecfecero,
737 1627 999 1666 cruciabiliter
1026 1641 1090 1666 me
1118 1629 1304 1666 carnufex
1331 1627 1510 1677 accipito.
1545 1639 1618 1677 955

295 1694 372 1732 Sed
401 1705 566 1743 propera
594 1690 688 1729 mihi
717 1701 933 1730 monstrare
962 1690 1028 1729 ubi
1057 1690 1105 1728 sit
1134 1703 1178 1729 os
1208 1690 1359 1729 lenonis
1388 1690 1556 1729 aedium.

267 1778 277 1791 >
298 1762 359 1797 Ps.
408 1758 584 1796 Tertium
613 1758 689 1794 hoc
718 1764 786 1794 est.
846 1757 900 1794 St.
950 1756 1002 1802 St,
1034 1762 1145 1803 tace;
1182 1756 1301 1793 aedes
1330 1755 1496 1793 hiscunt.
1555 1756 1620 1793 ΡΞ.

403 1824 534 1862 Credo
563 1821 696 1860 animo
726 1822 827 1859 male
857 1827 916 1859 est

296 1886 484 1924 Aedibus.
533 1886 586 1923 S1.
619 1884 726 1933 Quid
745 1883 852 1921 iam?
908 1885 971 1921 Ps.
1004 1882 1107 1932 Quia
1127 1882 1270 1932 edepol
1289 1882 1415 1932 ipsum
1436 1883 1622 1921 lenonem

404 1955 604 1988 euomunt.

298 2017 349 2053 Si.
409 2013 561 2051 Illicine
581 2013 668 2050 est?
733 2013 794 2049 Ps.
840 2010 926 2048 Illic
944 2011 1050 2059 ipsus
1069 2017 1138 2048 est.
1207 2011 1260 2048 S1.
1300 2010 1409 2047 Mala
1429 2022 1530 2047 mers
1551 2015 1618 2047 est.

406 2079 506 2116 Illuc
534 2076 586 2114 sis
615 2075 717 2120 uide,

301 2146 358 2184 Ut
378 2150 635 2187 transuorsus,
657 2152 738 2177 non
758 2150 968 2189 prouorsus
988 2136 1104 2184 cedit,
1127 2135 1236 2186 quasi
1256 2148 1395 2176 cancer
1414 2137 1522 2175 solet.
1547 2139 1623 2186 960
