1747 2620
304 146 351 180 14
779 130 1057 169 PSEUDOL
1069 131 1145 168 US.
1321 128 1357 182 [Ι
1383 143 1416 176 2,
1440 131 1584 179 83—3‚
1604 142 1630 177 4

298 236 358 272 Te
384 233 507 283 ipsam
536 234 664 271 culleo
692 245 764 283 ego
791 246 874 271 cras
901 232 1040 271 faciam
1065 240 1107 270 ut
1127 233 1332 282 deportere
1353 232 1393 270 in
1414 233 1626 282 pergulam.

300 297 363 335 Ibi
392 296 462 335 tibi
491 298 591 336 adeo
619 298 743 335 lectus
773 296 939 340 dabitur,
968 297 1036 335 ubi
1065 304 1106 335 tu
1135 293 1242 335 haud
1271 310 1453 335 somnum
1483 296 1628 346 capias,

407 361 475 399 sed
505 361 573 399 ubi
1554 363 1629 398 216

248 434 280 464 85
301 427 437 474 Usque
466 426 518 463 ad
547 426 854 474 languorem—3
893 432 1015 471 tenes,

302 490 498 538 Quorsum
528 489 626 526 haec
655 489 822 526 tendant
851 501 952 537 quae
980 490 1130 537 loquor.

303 552 397 606 [Ain
436 561 590 592 excetra
628 561 681 598 tu,
718 565 818 601 quae
857 552 927 590 tibi
965 555 1114 592 amicos
1148 561 1206 592 tot
1240 555 1361 593 habes
1395 561 1475 593 tam
1509 556 1632 604 probe

411 620 500 657 oleo
530 619 723 656 onustos?

304 685 411 721 Num
432 683 635 732 quoipiam
656 689 714 721 est
734 681 853 722 hodie
870 689 935 720 tua
950 689 1104 721 tuorum
1122 696 1240 735 opera
1255 696 1535 722 conseruorum
1559 696 1633 721 220

304 747 611 786 Nitidiusculum
640 748 788 796 caput?
824 755 892 784 aut
921 744 1023 784 num*
1044 747 1129 796 ipse
1158 749 1363 797 pulmento
1394 754 1482 785 utor
1511 747 1635 798 magis

253 831 286 854 90
306 813 597 851 Unctiusculo?
626 813 696 850 sed
717 811 810 858 scio,
833 820 873 850 tu
900 813 1030 850 oleum
1055 813 1162 850 haud
1188 812 1319 862 magni
1345 811 1510 861 pendi53
1540 813 1636 850 uino

252 888 253 891 ’
305 880 364 916 Te
394 877 558 926 deungis
587 876 670 915 sine
699 878 830 915 modo.

308 942 611 992 Reprehendam
645 943 774 980 hercle
807 954 881 991 ego
915 948 1057 979 cuncta
1090 953 1170 979 una
1202 953 1332 991 opera,
1369 940 1443 978 nisi
1477 939 1636 989 quidem

414 1005 533 1044 hodie
562 1006 659 1043 haec
688 1005 823 1043 omnia

308 1070 420 1108 Facis
448 1071 569 1108 effecta
598 1083 697 1119 quae
726 1068 896 1122 loquor.]
1563 1080 1635 1118 225

307 1137 370 1173 Tu
407 1142 551 1179 autem,
585 1148 685 1184 quae
722 1148 793 1189 pro
832 1134 960 1186 capite
997 1142 1215 1184 argentum,
1240 1133 1336 1172 mihi
1369 1134 1448 1172 iam
1481 1133 1638 1182 iamque

415 1212 569 1249 semper
597 1213 790 1246 numeras,
1162 1194 1165 1197 ’
1380 1199 1381 1204 ’
1412 1247 1414 1252 ⁴
1539 1188 1545 1192 7
1605 1195 1611 1197 s

257 1286 289 1310 95
309 1266 422 1313 Quae
450 1265 596 1313 pacisci
616 1266 737 1304 modo
758 1265 843 1311 scis,
867 1265 936 1303 sed
957 1265 1064 1314 quod
1084 1272 1200 1314 pacta
1220 1277 1261 1303 es
1281 1277 1362 1303 non
1383 1262 1456 1302 scis
1477 1263 1660 1308 soluere„

310 1329 579 1377 Phoenicium,
620 1329 690 1368 tibi
739 1343 812 1379 ego
858 1331 954 1368 haec
1000 1331 1152 1378 loquor,
1193 1328 1359 1368 deliciae
1403 1334 1639 1367 summatum

417 1405 566 1431 uirum:

312 1457 398 1495 Nisi
431 1458 549 1496 hodie
583 1457 678 1495 mihi
712 1471 761 1496 ex
792 1458 924 1496 fundis
957 1466 1114 1496 tuorum
1153 1457 1369 1496 amicorum
1408 1469 1526 1495 omne
1565 1457 1641 1494 huc

418 1534 544 1570 penus
573 1522 755 1567 adfertur,

313 1587 420 1632 Cras,
453 1586 721 1634 Phoenicium,
754 1586 944 1636 poeniceo
974 1585 1080 1625 corio
1108 1585 1252 1625 inuises
1283 1575 1495 1637 pergulam.
1566 1599 1642 1635 ²30

246 1851 257 1880 Ι
278 1854 295 1881 3
316 1843 388 1880 CA.
439 1843 643 1889 Pseudole,
664 1855 745 1881 non
772 1841 884 1880 audis
912 1854 1012 1891 quae
1038 1840 1103 1879 hic
1131 1839 1330 1889 loquitur?
1385 1829 1473 1878 Ρε.Χ
1499 1840 1640 1887 Audio,

422 1919 495 1953 ere,
527 1906 711 1956 equidem
740 1914 857 1956 atque
886 1907 1060 1944 animum
1090 1907 1267 1944 aduorto.

316 1971 386 2009 CA.
447 1971 554 2019 Quid
593 1970 689 2009 mihi
728 1984 768 2010 es
806 1978 943 2009 auctor
979 1971 1071 2009 huic
1109 1978 1150 2008 ut
1189 1969 1353 2015 mittam,
1389 1982 1439 2007 ne
1462 1968 1642 2007 -amicam

422 2035 485 2073 hic
515 2049 642 2074 meam
671 2035 907 2085 prostituat?

317 2101 378 2137 Ps.
439 2099 547 2137 Nihil
586 2099 777 2148 curassis3
818 2099 970 2148 liquido
1007 2111 1048 2137 es
1086 2097 1245 2145 animo;
1283 2110 1357 2147 ego
1395 2110 1467 2147 pro
1506 2110 1569 2135 me
1607 2104 1646 2136 et

422 2176 493 2213 pro
523 2171 561 2202 te
590 2165 749 2211 curabo,

272 2264 273 2267 ,
317 2230 403 2266 Iam
433 2229 499 2266 diu
529 2241 601 2278 ego
630 2228 719 2267 huic
748 2230 850 2267 bene
879 2236 917 2267 et
946 2227 1010 2265 hic
1038 2226 1132 2265 mihi
1161 2227 1369 2272 uolumus;
1401 2238 1446 2264 ea
1475 2224 1647 2267 amicitia

425 2299 483 2331 est
511 2291 695 2342 antiqua;
