1747 2620
241 112 289 137 10
568 77 574 85 ’
718 100 1088 141 PSEUDOLUs.
1321 100 1360 154 [1
1383 116 1417 149 2,
1442 116 1568 153 1-—19

578 275 698 311 LENo
753 275 934 314 LORAR11
962 288 988 313 v
1015 277 1078 314 ET
1106 278 1235 315 IlDEM

169 396 222 426 12
240 387 308 424 BA.
367 385 490 434 Exite,
525 387 628 437 agite
660 387 771 435 exite,
802 389 947 439 ignaui,
977 391 1081 429 male
1115 390 1240 429 habiti
1273 399 1312 430 et
1343 393 1446 431 male
1478 403 1566 431 con-

347 451 477 497 ciliati,

241 515 418 563 Quorum
449 529 665 565 numquam
695 516 907 566 quicquam
936 520 1153 568 quoiquam
1185 519 1293 558 uenit
1323 519 1363 558 in
1393 528 1568 559 mentem

347 589 390 618 ut
419 588 523 619 recte
553 580 710 628 faciant,

242 646 404 696 Quibus,
433 645 505 684 nisi
533 647 584 685 ad
612 647 689 685 hoc
715 649 938 697 exemplum
966 649 1154 699 experior,
1182 662 1263 688 non
1293 657 1425 699 potest
1454 663 1569 688 usura

348 711 533 760 usurpari.
1026 747 1030 752 .
1495 726 1566 764 135

241 777 383 825 Neque
418 775 597 814 homines
635 774 758 825 magis
795 775 927 815 asinos
965 790 1156 828 umquam
1196 777 1304 826 uidi,·
1354 778 1409 817 ita
1444 778 1569 829 plagis

347 848 480 879 costae
509 842 651 878 callent
667 853 680 888 3

208 921 222 944 5
242 905 353 953 Quos
385 916 505 952 quom
537 904 661 951 ferias,
693 903 764 942 tibi
793 906 881 954 plus
912 918 1056 944 noceas
1072 920 1084 953 3
1124 919 1173 945 eo
1203 906 1309 946 enim
1339 906 1498 957 ingenio
1529 906 1569 945 hi

347 976 439 1006 sunt
468 968 710 1017 flagritribae‚

242 1032 320 1082 Qui
356 1033 454 1071 haec
496 1033 644 1070 habent
687 1031 851 1072 consilia
865 1049 892 1072 :—
923 1034 992 1072 ubi
1029 1035 1123 1073 data
1160 1034 1318 1074 occasio
1355 1026 1424 1082 est,
1463 1048 1567 1086 rape,

348 1099 473 1148 depe,
503 1105 606 1144 tene,

243 1164 441 1212 Harpaga,
471 1162 574 1209 bibe,
606 1175 658 1209 eS,
688 1163 801 1212 fuge;
840 1163 916 1201 hoc
946 1176 1080 1202 eorum
1111 1164 1283 1202 officium
1312 1172 1380 1203 est.

243 1227 411 1266 Mauelis
444 1228 557 1277 lupos
591 1228 696 1277 apud
729 1226 815 1265 ouis
855 1227 1033 1277 linquere
1072 1242 1192 1278 quam
1229 1229 1303 1268 hos
1341 1228 1448 1267 domi
1487 1243 1571 1268 cus-

349 1294 471 1332 todes.
1496 1308 1570 1341 140

242 1361 294 1396 At
330 1358 470 1396 faciem
508 1371 628 1406 quom
666 1356 860 1407 adspicias
899 1370 1047 1404 eorum,
1087 1358 1195 1396 haud
1233 1358 1325 1396 mali
1363 1357 1571 1406 uidentur;

351 1436 467 1473 opera
498 1424 646 1460 fallunt.
1150 1428 1154 1434 ’

195 1506 226 1523 10
246 1489 362 1526 Nunc
388 1488 488 1525 adeo
514 1487 615 1524 hanc
635 1486 872 1526 edictionem
893 1487 967 1526 nisi
989 1488 1164 1526 animum
1185 1487 1401 1526 aduortetis
1421 1500 1570 1534 omnes,

245 1552 330 1591 Nisi
350 1565 531 1591 somnum
552 1552 853 1601 socordiamque
877 1565 925 1590 ex
950 1560 1109 1602 pectore
1137 1553 1340 1602 oculisque
1366 1551 1569 1600 amouetis,

245 1620 307 1656 Ita
335 1631 407 1668 ego
436 1625 565 1656 uostra
594 1619 714 1655 latera
743 1618 835 1666 loris
863 1616 1003 1655 faciam
1034 1625 1076 1656 ut
1105 1619 1235 1656 ualide
1263 1617 1370 1655 uaria
1399 1616 1486 1664 sint,

245 1684 303 1721 Ut
330 1696 381 1721 ne
409 1682 681 1732 peristromata
710 1681 873 1731 quidem
901 1695 1027 1731 aeque
1054 1683 1159 1731 picta
1188 1682 1266 1720 sint
1296 1680 1538 1732 Campanica

245 1749 387 1797 Neque
415 1745 680 1785 Alexandrina
708 1748 865 1784 beluata
893 1746 1050 1784 tonsilia
1079 1746 1267 1796 tappetia.
1498 1747 1572 1791 146

197 1831 226 1854 15
247 1814 375 1861 Atque
411 1810 493 1849 heri
531 1813 608 1849 iam
643 1810 840 1850 edixeram
873 1812 1056 1850 omnibus
1090 1811 1354 1860 dederamque
1386 1823 1452 1849 eas
1484 1823 1571 1860 pro-

352 1890 526 1924 u1nC1as3
604 1895 623 1900 2

246 1944 396 1981 Uerum
425 1942 477 1980 ita
504 1955 576 1980 uos
605 1941 696 1980 estis
725 1941 893 1992 praediti
921 1942 1099 1980 desidioso
1128 1942 1284 1992 ingenio
1312 1940 1479 1991 inprobi,

247 2006 431 2045 Officium
461 2014 637 2044 uostrum
665 2015 708 2045 ut
736 2019 808 2045 uos
814 2006 1119 2063 „malo—cogatis
1147 2005 1428 2052 conmonerier.

247 2071 405 2118 Nempe
442 2069 496 2107 ita
532 2069 694 2108 animati
732 2069 824 2109 estis
841 2058 952 2116 “uos
993 2069 1139 2108 uincite
1184 2070 1261 2107 hoc
1298 2068 1439 2107 duritia
1482 2080 1573 2118 ergo

353 2141 471 2183 atque
499 2146 573 2172 me.
1056 2154 1066 2158 -
1500 2144 1573 2182 150

249 2198 342 2235 Hoc
368 2196 418 2235 sis
443 2197 546 2243 uide,
569 2205 611 2236 ut
637 2197 731 2237 alias
758 2211 820 2237 res
846 2204 975 2248 agunt.
1035 2199 1129 2236 Hoc
1153 2196 1266 2248 agite,
1297 2197 1373 2235 hoc
1399 2195 1573 2235 animum

353 2261 559 2309 aduortite,
