1747 2620
270 138 317 163 20
748 125 1114 164 PSEUDOLUS.
1267 122 1304 177 [I
1327 138 1362 174 3,
1386 137 1590 175 117—135

267 228 339 266 CA.
398 226 551 277 Uiginti
584 226 730 265 minis?
803 228 873 265 ΒΑ.
933 229 1077 266 Utrum
1106 228 1176 274 uis,
1207 228 1272 266 uel
1301 235 1438 278 quater
1466 227 1602 277 quinis-

373 291 502 339 minis,

269 355 388 394 Militi
418 354 659 394 Macedonio
673 370 683 403 ;
721 363 761 394 et
788 355 865 393 iam
895 356 1124 405 quindecim
1152 356 1282 394 habeo
1310 356 1446 394 minas.

269 422 340 460 CA.
401 421 508 469 Quid
542 434 615 470 ego
650 434 697 458 ex
735 428 773 459 te
812 421 958 459 audio?
1031 422 1103 459 BA.
1160 422 1255 466 Hoc,
1290 421 1454 459 amicam
1488 428 1596 459 tuam

316 519 319 523 .
377 499 462 524 esse
491 487 635 524 factam
664 493 901 534 argenteam.

207 571 253 588 120
271 551 340 590 CA.
413 550 495 588 Cur
532 549 574 587 id
613 551 740 587 ausu's
778 550 936 587 facere?
1021 551 1090 587 BA.
1163 549 1333 596 Lubuit3
1385 562 1474 588 mea
1514 550 1594 587 fuit.

377 615 450 653 CA.
509 614 610 662 Eho,
643 615 850 659 Pseudole,

271 680 302 724 I,
333 677 506 727 gladium
543 678 662 716 adfer.
747 679 809 715 Ps.
869 677 977 726 Quid
1015 691 1113 727 opus
1149 677 1309 729 gladio?
1391 679 1464 717 CA.
1520 677 1601 726 Qui

377 743 483 780 hunc
512 742 691 780 occidam
721 750 839 791 atque
867 744 1009 780 enicem.
1525 752 1600 791 350

271 807 334 843 Ps.
394 805 501 853 Quin
540 813 583 843 tu
621 813 660 843 te
699 805 847 844 occidis
885 805 1046 854 potius?
1092 818 1185 843 nam
1222 806 1328 844 hunc
1361 806 1483 844 fames
1522 804 1601 843 iam

377 868 575 907 occiderit.

272 934 342 971 CA.
395 933 503 980 Quid
523 933 604 970 ais?
627 941 817 982 quantum
833 940 933 970 terra
948 934 1076 970 tetulit
1091 932 1298 971 hominum
1313 932 1600 983 periurissume,

273 996 480 1034 Iurauistin
510 1004 549 1035 te
577 997 683 1034 illam
713 996 810 1034 nulli
839 996 1091 1035 uenditurum
1121 996 1195 1035 nisi
1224 996 1348 1036 mihi?

208 1081 253 1104 ης
273 1063 340 1098 BA.
392 1062 543 1099 Fateor.
590 1062 675 1109 CA.
722 1062 878 1110 Nempe
907 1061 1108 1110 conceptis
1137 1061 1297 1099 uerbis?
1353 1063 1423 1099 ΒΑ.
1475 1061 1603 1106 Etiam

379 1124 568 1163 consultis
597 1138 768 1174 quoque.

280 1190 345 1227 Ca.
404 1189 663 1235 Periurauisti,
695 1190 869 1228 sceleste.
939 1191 1007 1227 BA.
1066 1192 1120 1228 At
1148 1196 1354 1239 argentum
1381 1189 1485 1227 intro
1515 1202 1605 1228 con-

380 1254 473 1292 didi.
1529 1267 1574 1304 35
1582 1267 1601 1304 5

275 1319 360 1368 Ego
390 1319 578 1357 scelestus
608 1331 713 1356 nunc
742 1326 944 1368 argentum
975 1332 1156 1368 promere
1185 1332 1349 1369 possum
1379 1320 1525 1366 domo5

274 1383 336 1418 Tu
365 1380 432 1430 qui
461 1380 548 1430 pius
577 1394 630 1429 es,
658 1382 756 1420 istoc
784 1395 925 1432 genere
951 1391 1103 1432 gnatus,
1132 1395 1339 1420 nummum
1365 1395 1447 1420 non
1471 1382 1602 1420 habes.

281 1447 344 1484 Ca.
406 1447 613 1493 Pseudole‚
634 1446 780 1485 adsiste
805 1447 1033 1485 altrinsecus
1063 1455 1180 1497 atque
1209 1459 1328 1484 onera
1356 1447 1463 1484 hunc
1490 1447 1605 1496 male-

382 1510 505 1558 dictis,
582 1513 643 1549 ΡΞ.
704 1512 825 1549 Licet.

210 1591 258 1614 230
276 1575 503 1622 Numquam
536 1574 586 1612 ad
617 1582 836 1623 praetorem
867 1586 994 1622 aeque
1025 1572 1166 1611 cursim
1184 1585 1359 1631 curram,
1382 1579 1425 1610 ut
1454 1571 1607 1611 emittar

383 1650 512 1675 manu.

280 1704 347 1741 Ca.
407 1703 546 1751 Ingere
575 1702 678 1739 mala
706 1702 837 1739 multa.
896 1703 958 1739 ΡΞ.
1002 1702 1086 1739 Iam
1118 1714 1191 1751 ego
1220 1709 1260 1739 te
1288 1701 1462 1740 differam
1492 1686 1605 1739 dictis'

383 1765 491 1804 meis.
1530 1767 1606 1813 360

277 1832 480 1880 Inpudice.
565 1832 637 1868 BA.
697 1831 758 1867 Ita
796 1838 861 1868 est.
949 1831 1022 1869 CA.
1090 1831 1271 1869 Sceleste.
1359 1831 1430 1868 BA.
1498 1828 1607 1867 Dicis

385 1909 484 1934 uera.
560 1898 626 1934 Ps.
683 1896 870 1934 Uerbero.

278 1962 347 1998 BA.
407 1960 625 2010 Quippini?
682 1962 754 1999 CA.
796 1961 1011 2010 Bustirape.
1070 1961 1140 1998 BA.
1183 1961 1312 1999 Certo.
1372 1961 1434 1997 Ps.
1478 1958 1606 1997 Furci-

385 2026 451 2063 fer.
530 2027 601 2065 BA.
660 2026 826 2062 Factum
855 2033 1026 2073 optume.

279 2091 349 2129 CA.
408 2089 671 2128 Sociufraude.
730 2091 798 2127 BA.
826 2091 952 2143 xSunt
976 2102 1063 2127 mea
1088 2089 1217 2127 istaec.
1277 2090 1340 2126 ΡΞ.
1399 2087 1595 2126 Parricida
1627 2124 1633 2127 ,

387 2156 458 2192 BA.
517 2156 639 2203 Perge
669 2161 720 2191 tu.

217 2239 262 2262 135
279 2219 352 2258 CA.
393 2218 595 2267 Sacrilege.
664 2220 735 2255 BA.
778 2219 928 2257 Fateor.
998 2219 1062 2257 ΡΞ.
1104 2216 1269 2256 Periure.
1342 2219 1412 2255 BA.
1463 2219 1609 2256 Uetera

386 2282 666 2321 uaticinamini.
