1747 2620
127 114 185 151 IV
211 127 242 162 1,
269 111 439 166 13—36]
609 116 975 155 PSEUDOLUS.
1407 127 1455 165 45

126 219 186 256 Ps.
249 217 376 256 Nimis
406 219 565 257 tandem
595 232 668 268 ego
697 220 767 257 abs
796 226 834 257 te
864 226 1107 257 contemnor.
1380 233 1455 269 920

125 282 178 320 S1.
237 281 397 331 Quippe
426 295 499 331 ego
529 289 567 320 te
596 282 635 319 ni
664 290 929 329 contemnam,

74 359 105 383 15
124 344 366 383 Stratioticus
397 346 516 383 homo
545 345 611 394 qui
640 346 770 383 cluear
797 345 906 383 iam?

123 410 186 447 Ps.
246 409 332 446 Iam
351 409 427 448 hoc
448 410 539 448 uolo
559 411 666 459 quod
687 417 896 460 occeptum
917 417 976 449 est
995 409 1066 460 agi.
1128 410 1181 449 Si.
1233 411 1338 448 Num
1360 409 1454 459 quid

231 487 344 524 agere
372 474 479 512 aliud
507 487 570 513 me
599 473 740 513 uides?

123 539 184 576 Ps.
244 538 416 576 Ambula
443 550 534 587 ergo
563 537 652 576 cito.
729 539 780 577 S1.
841 539 972 577 Immo
1002 538 1128 577 otiose
1156 539 1259 577 uolo.

123 604 186 641 Ps.
246 605 362 642 Haec
391 616 438 641 ea
466 602 621 641 occasio
651 610 733 641 est:
771 604 865 642 dum
894 603 959 642 ille
987 603 1144 651 dormit,
1174 605 1266 642 uolo
1376 615 1450 652 925

122 669 185 706 Tu
214 667 318 718 prior
345 675 388 706 ut
417 680 587 717 occupes
616 667 733 705 adire.

70 750 103 768 20
121 731 173 770 S1.
233 730 339 779 Quid
385 732 598 781 properas?
653 730 836 779 Placide3
883 744 933 770 ne
979 730 1084 770 time.
1143 732 1206 770 Ita
1252 731 1316 770 ille
1361 731 1452 770 faxit

229 795 418 846 Iuppiter,

122 861 180 900 Ut
213 860 277 898 ille
307 860 437 909 palam
471 859 616 898 ibidem
655 859 790 907 adsiet‚
826 858 1002 910 quisquis
1039 858 1103 898 ille
1141 867 1200 898 est
1238 859 1304 909 qui
1342 861 1452 899 adest

228 937 251 962 a
280 924 412 963 milite.

122 989 350 1037 Numquam
371 989 513 1037 edepol
533 987 603 1026 erit
622 987 686 1027 ille
706 988 837 1038 potior
857 989 1021 1038 Harpax
1046 1001 1162 1038 quam
1189 1001 1272 1039 ego.
1332 990 1451 1027 Habe

123 1061 170 1067 ’χ
227 1052 403 1091 animum
433 1055 581 1092 bonum
597 1067 607 1100 3

123 1117 262 1155 Pulcre
291 1129 363 1166 ego
392 1117 495 1154 hanc
523 1116 757 1166 explicatam
785 1115 855 1155 tibi
883 1129 964 1155 rem
994 1117 1109 1155 dabo.
1374 1129 1450 1166 930

122 1181 186 1219 Sic
214 1193 288 1230 ego
315 1180 423 1219 illurn
451 1181 552 1220 dolis
581 1190 700 1231 atque
729 1180 944 1219 mendaciis

71 1259 102 1284 25
123 1246 171 1282 In
199 1245 380 1283 timorem
409 1246 513 1283 dabo
541 1245 748 1284 militarem
777 1246 985 1292 aduenam,

122 1310 238 1357 Ipsus
267 1321 352 1347 sese
380 1316 423 1347 ut
450 1317 566 1358 neget
596 1322 680 1347 esse
709 1322 800 1347 eum
830 1307 896 1358 qui
925 1308 996 1347 siet

123 1373 270 1422 Meque
308 1380 351 1411 ut
392 1386 477 1411 esse
516 1380 693 1411 autumet
737 1372 804 1422 qui
846 1372 952 1422 ipsus
992 1380 1060 1411 est.
1138 1374 1201 1411 Ps.
1261 1371 1340 1422 Qui
1383 1385 1451 1422 po-

169 1458 175 1461 ,
226 1438 331 1475 test?
477 1482 481 1487 1

121 1502 175 1541 Sx.
232 1500 392 1540 Occidis
421 1514 495 1548 me,
526 1514 647 1550 quom
676 1500 775 1539 istuc
803 1499 956 1550 rogitas.
1062 1502 1128 1539 Ps.
1184 1501 1219 1540 O
1250 1500 1450 1539 hominem

226 1564 413 1614 lepidum.
1373 1575 1447 1613 935

123 1629 178 1668 Si.
234 1630 295 1668 Te
323 1632 481 1678 quoque
509 1628 628 1668 etiam
657 1629 757 1668 dolis
786 1636 905 1677 atque
933 1627 1161 1674 mendaciis,

71 1712 102 1735 30
122 1694 201 1743 Qui
229 1693 411 1743 magister
439 1693 533 1731 mihi
562 1707 613 1742 es,
644 1694 836 1740 antidibo,
867 1701 910 1731 ut
939 1692 1047 1731 scias.

122 1761 185 1797 Ps.
244 1758 420 1808 Iuppiter
448 1766 486 1796 te
514 1758 609 1796 mihi
638 1765 774 1797 seruet.
851 1759 909 1797 S1.
966 1759 1097 1795 Immo
1125 1756 1231 1795 mihi.

122 1821 201 1860 Sed
229 1820 332 1867 uide,
364 1828 522 1858 ornatus
550 1819 613 1858 hic
642 1833 705 1858 me
735 1820 835 1858 satin
863 1820 1087 1858 condecet?

123 1887 184 1924 Ps.
245 1886 421 1934 Optume
450 1885 579 1923 habet.
637 1887 690 1922 At
718 1884 809 1922 uide
838 1896 888 1922 ne
917 1883 1071 1922 titubes.
1149 1885 1200 1922 S1.
1261 1885 1367 1922 Esto.

121 1950 186 1986 Ps.
243 1949 417 1986 Tantum
456 1947 525 1986 tibi
564 1947 659 1986 boni
695 1947 736 1985 di
768 1947 992 1985 inmortales
1027 1946 1150 1994 duint,
1186 1953 1376 1996 quantum
1409 1954 1450 1984 tu

227 2011 300 2049 tibi
329 2019 465 2061 optes;
1375 2022 1446 2059 941

72 2093 104 2118 35
125 2070 228 2114 Nam
266 2075 298 2114 si
336 2083 528 2125 exoptem,
564 2082 755 2125 quantum
793 2074 955 2124 dignu's‚
991 2081 1144 2112 tantum
1182 2074 1288 2121 dent,
1323 2073 1450 2112 minus

229 2139 354 2178 nihilo
383 2141 442 2179 sit.

126 2206 265 2254 Neque
293 2217 367 2254 ego
399 2205 478 2243 hoc
507 2203 668 2243 homine
698 2216 938 2253 quemquam
970 2202 1053 2242 uidi
1084 2202 1206 2253 magis
1236 2203 1382 2240 malum
1413 2210 1451 2241 et

231 2269 461 2306 maleficum.
539 2268 593 2306 S1.
650 2268 742 2305 Tun
770 2265 811 2306 id
840 2265 967 2306 mihi?

231 2354 268 2380 A.
291 2353 326 2381 P.
1323 2352 1342 2390 5
