1747 2620
647 531 852 575 ACTUS
896 531 979 573 III.

746 687 874 724 PUER.

41 803 132 835 1111
152 790 293 845 ¹[Quoi
322 790 547 830 seruitutem
576 789 614 829 di
644 791 794 829 danunt
822 789 1019 829 lenoniam

153 859 288 902 Puero,
320 864 436 906 atque
465 856 592 894 eidem
622 854 653 893 si
681 855 833 893 addunt
862 853 1154 904 turpitudinem,

151 924 214 961 Ne
242 922 307 968 illi,
337 930 535 971 quantum·
556 934 627 971 ego
658 933 762 958 nunc
790 920 907 958 corde
936 920 1136 969 conspicio
1166 932 1266 966 meo,

153 989 300 1026 Malam
329 1001 409 1025 rem
439 999 621 1036 magnam
650 987 869 1034 multasque
896 998 1100 1023 aerumnas
1129 986 1292 1023 danunt.

119 1054 274 1091 (Uelut
302 1053 400 1090 haec
427 1051 521 1104 mihi
550 1050 683 1089 euenit
710 1050 885 1097 seruitus,
909 1050 976 1088 ubi
1005 1063 1078 1100 ego
1107 1050 1291 1088 omnibus
1403 1058 1474 1096 775

154 1118 287 1154 Paruis
315 1115 543 1166 magnisque
573 1115 798 1153 ministeriis'
820 1115 1060 1164 praefulcior‚

154 1182 293 1230 Neque
322 1193 394 1230 ego
422 1188 636 1218 amatorem
666 1179 760 1217 mihi
789 1179 963 1218 inuenire
992 1181 1114 1217 ullum
1143 1191 1257 1228 queo,

152 1245 230 1293 Qui
259 1253 362 1283 amet
392 1258 466 1292 me,
499 1252 541 1282 ut
569 1257 678 1282 curer
706 1244 865 1281 tandem
895 1243 1152 1282 nitidiuscule.

152 1311 269 1347 Nunc
298 1308 389 1346 huic
417 1307 550 1346 lenoni
579 1307 698 1346 hodie
727 1315 785 1345 est
814 1306 952 1345 natalis
981 1307 1089 1354 dies;

103 1392 133 1409 10
153 1373 431 1412 Interminatus
460 1380 518 1411 est
547 1386 569 1411 a
598 1372 774 1410 minumo
803 1373 854 1410 ad
882 1385 1119 1418 maxumum,
1406 1373 1479 1420 780

98 1429 100 1432 ,
151 1437 190 1477 Si
219 1437 304 1486 quis
333 1450 414 1476 non
442 1436 560 1475 hodie
590 1449 730 1474 munus
759 1436 927 1474 misisset
955 1436 1040 1482 sibi,

153 1504 254 1541 Eum
282 1515 366 1540 cras
394 1502 566 1539 cruciatu
593 1514 778 1539 maxumo
807 1500 1008 1550 perbitere.

154 1568 271 1604 Nunc
299 1566 432 1604 nescio
461 1567 600 1611 hercle,
632 1567 745 1604 rebus
775 1566 869 1614 quid
899 1566 1038 1603 faciam
1069 1564 1177 1611 meis,

154 1633 295 1681 Neque
325 1645 397 1682 ego
425 1632 522 1670 illud
549 1645 712 1682 possum
742 1633 850 1681 quod
878 1632 931 1669 illi
960 1632 1027 1681 qui
1056 1638 1219 1681 possunt
1248 1632 1384 1670 solent.

103 1713 132 1735 15
154 1697 270 1734 Nunc
299 1695 373 1733 nisi
401 1695 533 1733 lenoni
561 1709 703 1734 munus
733 1695 850 1734 hodie
879 1696 1032 1742 misero,
1408 1699 1479 1745 785

153 1761 248 1799 Cras
277 1759 373 1797 mihi
402 1760 599 1808 potandus
627 1761 770 1798 fructus
800 1768 858 1798 est
886 1760 1079 1798 fullonius.

154 1826 278 1870 Eheu,
308 1837 425 1873 quam
454 1823 542 1862 illae
570 1824 625 1863 rei
653 1838 725 1875 ego
754 1826 870 1863 etiam
900 1838 1004 1863 nunc
1033 1838 1118 1862 sum
1147 1826 1342 1874 paruolus.

153 1891 286 1938 Atque
314 1888 466 1937 edepol,
498 1895 540 1926 ut
568 1902 672 1926 nunc
701 1890 802 1927 male
830 1890 976 1926 malum
1006 1884 1139 1927 metuo
1168 1889 1294 1936 miser,

154 1953 193 1991 Si
222 1953 412 2002 quispiam
442 1953 509 1991 det
538 1952 604 2002 qui
632 1966 771 1991 manus
798 1953 952 2003 grauior
981 1955 1063 2002 siet,

105 2033 136 2050 20
156 2018 406 2066 Quamquam
435 2017 530 2054 illud
559 2017 668 2055 aiunt
696 2030 839 2067 magno
867 2017 1014 2067 gemitu
1043 2016 1135 2064 fieri,
1409 2030 1482 2067 790

157 2081 412 2131 Conprimere
440 2080 570 2119 dentis
599 2080 735 2119 uideor
762 2094 877 2131 posse
906 2081 1037 2131 aliquo
1066 2083 1195 2120 modo,

157 2146 234 2184 Sed
261 2145 546 2194 conprimunda
574 2152 632 2183 est
661 2144 756 2182 mihi
784 2158 862 2183 uox
889 2153 1006 2193 atque
1035 2147 1180 2192 oratio;

159 2212 257 2247 Erus
287 2223 422 2248 eccum
451 2209 586 2259 recipit
616 2222 656 2247 se
685 2210 847 2247 domum
876 2216 915 2248 et
943 2210 1051 2248 ducit
1081 2209 1281 2264 coquom]

559 2294 571 2314 ²
596 2295 720 2327 Iambic
743 2296 870 2334 senarii,
900 2304 1076 2338 771—907.
