1747 2620
222 140 268 164 22
699 125 810 163 PSE
820 125 976 164 UDOL
986 124 1063 164 ΠΒ.
1191 121 1229 175 [Ι
1249 136 1284 173 3,
1312 115 1476 173 15'6-4‚
1503 123 1548 160 16

221 233 283 270 Ps.
343 233 436 270 Hoc
483 244 556 281 ego
603 230 793 280 oppidum
836 229 1074 276 admoenire,
1113 235 1156 267 ut
1197 228 1317 267 hodie
1364 228 1548 278 capiatur,

326 297 428 334 uolo.
1472 294 1546 342 385

221 360 284 398 Ad
313 372 399 398 eam
428 372 509 398 rem
538 365 648 397 usust
675 357 836 397 homine
865 364 1006 404 astuto,
1028 357 1159 402 docto,
1181 364 1296 395 cauto
1327 363 1365 395 et
1394 356 1548 402 callido,

222 423 300 473 Qui
328 423 504 473 inperata
532 425 680 462 ecfecta
708 424 857 470 reddat,
888 417 968 460 non
998 422 1065 472 qui
1095 422 1262 471 uigilans
1292 421 1470 460 dormiat.

223 489 292 526 CA.
353 487 465 525 Cedo
503 486 610 532 mihi,
649 485 744 535 quid
783 499 824 525 es
861 487 1061 524 facturus?
1135 487 1199 524 Ps.
1255 485 1440 535 Temperi
1477 498 1551 535 ego

328 550 556 589 faxoscies.
1007 582 1009 584 .
1320 544 1324 551 ⁴

157 629 206 654 160
224 615 329 653 Nolo
353 613 412 652 bis
437 613 562 653 iterari
576 628 586 661 3
616 622 674 653 sat
701 614 756 653 sic
782 608 1047 663 longae'fiunt
1070 614 1234 653 fabulae.

224 679 294 717 CA.
354 679 572 727 Optumum
604 686 721 728 atque
752 666 1045 727 aequissumum
1075 691 1173 716 oras.
1246 680 1309 715 Ps.
1368 679 1550 727 Propera,

329 742 460 780 adduc
488 742 690 781 hominem
720 735 809 781 cito]
949 743 955 762 ³
1476 754 1553 790 390

229 809 294 846 Ca.
355 806 473 845 Pauci
503 820 549 845 ex
578 807 708 845 multis
738 814 829 846 sunt
858 806 984 854 amici,
1015 807 1167 845 homini
1197 805 1263 856 qui
1291 806 1385 844 certi
1414 805 1524 844 sient.

226 874 287 910 Ps.
347 872 432 920 Ego
453 871 533 909 scio
554 872 654 909 istuc
667 886 677 919 3
703 884 795 921 ergo
815 879 1023 919 utrumque
1044 871 1114 909 tibi
1130 883 1235 908 nunc
1255 870 1440 909 dilectum
1461 882 1555 919 para

225 938 355 984 Atque
384 948 432 972 ex
460 936 592 973 multis
622 935 781 984 exquire
810 935 884 973 illis
913 947 1037 972 unum
1066 933 1133 983 qui
1162 942 1288 973 certus
1318 936 1400 973 siet.

160 1011 206 1040 165
226 1000 296 1039 CA.
358 1000 442 1036 Iam
482 999 545 1036 hic
583 1000 673 1037 faxo
711 999 847 1037 aderit.
926 1000 989 1038 PS.
1049 998 1163 1037 Potin
1202 1006 1245 1037 ut
1282 999 1430 1037 abeas?
1485 998 1554 1036 tibi

332 1076 482 1101 moram
512 1063 626 1102 dictis
656 1076 773 1102 creas.
1088 1066 1091 1067 ⁷

682 1164 928 1200 PSEUDOLUS
957 1163 1131 1200 Simuos.

160 1250 210 1280 14
229 1244 462 1294 ¹Postquam
492 1243 570 1282 illic
598 1242 691 1281 hinc
719 1243 824 1289 abiit,
857 1251 898 1282 tu
926 1244 1057 1282 adstas
1087 1245 1202 1290 solus,
1235 1243 1438 1282 Pseudole.
1481 1254 1554 1292 395

229 1309 337 1357 Quid
366 1322 471 1347 nunc
500 1307 680 1354 acturu's‚
711 1315 922 1357 postquam
951 1307 1031 1346 erili
1061 1307 1139 1345 filio

230 1373 418 1423 Largitu's
448 1372 563 1411 dictis
592 1371 750 1422 dapsilis
780 1372 1002 1411 lubentias?

230 1437 337 1486 Quoi
366 1450 494 1486 neque
525 1444 660 1485 parata
687 1443 796 1484 gutta
824 1436 918 1474 certi
948 1436 1097 1483 consili,

199 1521 212 1542 5
231 1503 372 1550 Neque
401 1499 568 1551 exordiri
597 1499 764 1549 primum
794 1501 900 1538 unde
929 1500 1101 1550 occipias
1130 1500 1252 1538 habes

232 1568 373 1615 Neque
401 1566 452 1603 ad
482 1565 746 1610 detexundam
777 1566 895 1602 telam
925 1572 1052 1603 certos
1082 1565 1278 1603 terminos.
1482 1577 1560 1612 400

231 1631 310 1669 Sed
338 1628 448 1678 quasi
476 1636 604 1678 poeta,
636 1630 788 1667 tabulas
817 1642 939 1678 quom
969 1627 1072 1678 cepit
1101 1628 1186 1675 sibi,

232 1695 395 1744 Quaerit
424 1695 531 1743 quod
559 1707 752 1743 nusquam
782 1702 839 1732 est
868 1694 1055 1743 gentium,
1086 1693 1226 1743 reperit
1256 1701 1400 1740 tamen,

234 1758 343 1797 Facit
371 1758 467 1796 illud
495 1757 576 1796 ueri
605 1757 729 1796 simile
759 1759 866 1807 quod
896 1757 1147 1796 mendacium
1179 1765 1247 1805 est,

186 1841 217 1857 10
235 1825 353 1861 Nunc
381 1835 453 1872 ego
483 1830 600 1871 poeta
628 1823 743 1870 fiam3
783 1822 920 1871 uiginti
950 1822 1087 1869 minas,

235 1889 350 1936 Quae
378 1899 571 1935 nusquam
602 1899 707 1924 nunc
735 1894 824 1924 sunt
852 1885 1039 1935 gentium,
1062 1886 1261 1924 inueniam
1292 1892 1435 1925 tamen.
1484 1898 1559 1935 405

236 1955 365 2001 Atque
394 1963 467 2000 ego
496 1949 586 1988 huic
615 1951 692 1988 iam
722 1950 874 2000 pridem
903 1962 966 1988 me
996 1951 1177 1988 daturum
1208 1950 1380 1987 dixeram

236 2018 296 2054 Ac
326 2015 432 2053 uolui
461 2014 605 2053 inicere
633 2015 823 2064 tragulam
853 2014 893 2052 in
922 2023 1097 2052 nostrum
1126 2027 1259 2052 senem
1274 2029 1285 2061 3

237 2081 387 2118 Uerum
416 2078 446 2117 is
476 2078 608 2117 nescio
637 2091 716 2127 quo
745 2087 862 2128 pacto
891 2079 1106 2128 praesensit
1135 2079 1250 2128 prius.

189 2163 218 2185 ιε
237 2145 314 2183 Sed
342 2144 627 2193 conprimenda
656 2152 714 2181 est
743 2156 822 2181 uox
851 2143 946 2181 mihi
974 2151 1092 2192 atque
1121 2142 1244 2181 oratio
1260 2157 1268 2188 3

239 2210 360 2246 Erum
388 2221 525 2246 eccum
555 2209 672 2246 uideo
701 2209 778 2246 huc
807 2208 1008 2246 Simonem
1037 2220 1116 2244 una
1144 2207 1258 2244 simul
1488 2222 1566 2256 410

647 2299 658 2319 ¹
682 2299 809 2331 Iambic
833 2299 960 2335 senarii,
986 2297 1163 2340 395—576.
