1747 2620
146 138 164 175 Ι
187 150 223 186 3,
246 135 446 188 97—116]
622 137 987 176 PSEUDOLUS.
1426 155 1470 190 19

146 239 215 278 CA,
277 239 381 287 Quid
403 238 511 277 iam?
573 240 642 277 BA.
693 237 798 286 Quia
818 238 922 276 enim
944 251 1024 277 non
1045 241 1227 278 uenalem
1247 240 1323 278 iam
1346 241 1474 280 habeo

251 302 520 341 Phoenicium.
1396 309 1473 354 326

145 366 215 405 CA.
263 366 356 404 Non
383 366 533 404 habes?
591 367 661 404 BA.
708 367 801 404 Non
828 366 957 404 hercle
984 378 1089 404 uero.
1147 368 1220 406 CA.
1266 369 1472 415 Pseudole,

175 435 180 438 “
249 442 401 468 arcesse
431 429 588 476 hostias,

144 493 364 540 Uictumas,
395 493 532 540 lanios,
562 500 605 531 ut
634 505 708 543 ego
736 493 827 531 huic
857 493 1070 533 sacrificem
1101 507 1256 533 summo
1286 495 1374 534 Ioui
1389 510 1400 543 3

78 576 125 596 100
143 558 248 596 Nam
291 556 354 595 hic
396 557 491 594 mihi
533 569 639 594 nunc
681 564 740 595 est
782 558 907 595 multo
954 558 1084 607 potior
1132 558 1308 608 Iuppiter
1354 572 1473 608 quam

122 674 125 676 -
251 620 438 671 Iuppsten

142 688 219 724 Ba.
279 687 383 724 Nolo
412 685 630 734 uictumas;
668 685 820 735 agninis
850 699 914 724 me
943 686 1041 725 extis
1069 687 1214 736 placari
1244 689 1346 726 uolo.
1397 701 1474 736 330

149 751 214 789 Ca.
275 752 468 800 Propera3
507 749 604 799 quid
633 751 741 788 stas?
778 763 930 788 arcesse
960 763 1082 800 agnos
1098 764 1109 798 3
1146 752 1268 789 audin
1298 751 1393 801 quid
1421 752 1474 790 ait

250 815 456 865 Iuppiter?

142 869 217 918 Ps.'
266 880 352 917 Iam
382 879 444 917 hic
473 892 564 927 ero3
599 892 737 918 uerum
767 887 874 918 extra
903 887 1056 929 portam
1087 880 1141 918 mi
1170 881 1289 919 etiam
1318 895 1472 921 curren-

248 944 343 982 dum
372 950 431 982 est
459 943 575 993 prius.
1283 991 1286 993 Α

143 1008 217 1061 Qu.
275 1006 383 1055 Quid
421 1008 498 1045 eo?
581 1008 643 1045 PS.
714 1006 859 1046 Lanios
897 1007 989 1046 inde
1028 1022 1222 1047 arcessam
1261 1010 1341 1048 duo
1384 1023 1473 1048 curn

249 1070 520 1124 tintinnabulis
533 1083 545 1117 3
1466 1067 1470 1070 ⁹

79 1155 125 1178 105
143 1136 293 1175 Eadem
324 1137 404 1174 duo
432 1149 566 1186 greges
594 1135 788 1186 uirgarum
818 1136 911 1175 inde
940 1138 1157 1176 ulmearum
1185 1139 1366 1189 adegero,

145 1203 204 1240 Ult
232 1196 360 1251 hosne>
379 1201 430 1239 ad
460 1199 676 1239 litationem
707 1200 798 1237 huic
827 1208 1010 1249 suppetat
1038 1202 1155 1240 satias
1186 1203 1290 1241 Ioui.
1399 1216 1471 1253 335

143 1267 219 1304 Ba.
274 1264 309 1300 I
346 1263 391 1323 in
434 1265 578 1302 malam
625 1276 792 1302 crucem.
889 1267 952 1304 PS.
1023 1267 1130 1305 Istuc
1178 1266 1249 1305 ibit
1298 1268 1476 1317 Iuppiter

249 1329 441 1369 lenonius.

142 1396 220 1433 Ba.
270 1396 329 1433 Ex
357 1402 423 1433 tua
451 1407 492 1433 re
522 1407 603 1442 non
632 1401 691 1432 est
719 1400 762 1431 ut
791 1406 864 1443 ego
893 1393 1068 1433 emoriar.
1129 1397 1191 1434 ΡΞ.
1243 1395 1323 1444 Qui
1351 1396 1475 1434 dum?

250 1461 322 1497 BA.
380 1459 468 1498 Sic:
506 1458 608 1508 quia,

143 1523 182 1564 Si
210 1537 283 1574 ego
312 1531 489 1562 mortuus
519 1522 603 1569 sim,
634 1522 801 1561 Athenis
831 1530 869 1561 te
899 1525 947 1562 sit
976 1537 1094 1562 nemo
1124 1524 1298 1575 nequior.

79 1608 126 1625 110
144 1590 205 1627 Ex
241 1596 309 1627 tua
345 1601 386 1627 re
424 1594 482 1626 est
519 1594 562 1626 ut
600 1600 673 1637 ego
712 1587 886 1626 emoriar.
962 1589 1034 1627 CA.
1095 1589 1174 1637 Qui
1203 1590 1328 1628 dum?
1403 1592 1472 1628 BA.

252 1653 337 1702 Ego
366 1651 495 1690 dicam
523 1650 620 1690 tibi:

145 1717 248 1767 Quia
281 1717 436 1766 edepol,
471 1716 565 1754 dum
598 1728 672 1765 ego
701 1715 814 1754 uiuos
844 1715 986 1763 uiuam,
1018 1730 1236 1767 numquam
1271 1718 1345 1757 eris
1380 1719 1476 1769 frugi

251 1781 390 1820 bonae.
1400 1795 1476 1831 340

145 1847 218 1885 CA.
277 1845 354 1883 Dic
383 1844 490 1891 mihi,
520 1845 685 1883 obsecro
714 1845 853 1892 hercle,
884 1858 1021 1883 uerum
1051 1844 1163 1892 serio,
1195 1846 1271 1884 hoc
1299 1847 1409 1895 quod
1438 1853 1476 1884 te

251 1921 369 1958 rogo:

146 1974 239 2011 Non
267 1973 389 2011 habes
418 1972 600 2010 uenalem
629 1971 796 2009 amicam
827 1979 868 2009 tu
898 1984 1029 2009 meam
1059 1972 1348 2010 Phoenicium?

144 2039 240 2075 Bm
272 2038 365 2074 Non
385 2037 528 2086 edepol
548 2037 676 2074 habeo
693 2037 867 2085 profecto
877 2049 888 2083 3
917 2049 1010 2073 nam
1031 2036 1109 2073 iam
1130 2037 1281 2085 pridem
1299 2036 1471 2076 uendidi.

80 2121 127 2145 115
147 2102 218 2140 CA.
277 2101 368 2149 Quo
398 2100 548 2138 modo?
623 2101 693 2136 BA.
754 2099 846 2137 Sine
874 2099 1126 2146 ornamentis,
1158 2113 1249 2137 cum
1282 2100 1475 2139 intestinis

252 2163 445 2202 omnibus.
1286 2199 1289 2200 γ

148 2228 220 2265 CA.
270 2228 406 2264 Meam
425 2233 468 2264 tu
491 2225 659 2263 amicam
684 2225 924 2264 uendidisti?
971 2225 1148 2274 Quanti?
1204 2229 1273 2265 BA.
1325 2226 1475 2277 Uiginti

254 2289 380 2328 minis.
940 2323 943 2325 .
1398 2302 1472 2340 345
