<?xml version="1.0" encoding="UTF-8"?>
<!DOCTYPE html PUBLIC "-//W3C//DTD XHTML 1.0 Transitional//EN"
    "http://www.w3.org/TR/xhtml1/DTD/xhtml1-transitional.dtd">
<html xmlns="http://www.w3.org/1999/xhtml" xml:lang="en" lang="en">
 <head>
  <title>
</title>
<meta http-equiv="Content-Type" content="text/html;charset=utf-8" />
  <meta name='ocr-system' content='tesseract 3.04.00' />
  <meta name='ocr-capabilities' content='ocr_page ocr_carea ocr_par ocr_line ocrx_word'/>
</head>
<body>
  <div class='ocr_page' id='page_1' title='image "./pseudolus00plauuoft/pseudolus00plauuoft_0092.png"; bbox 0 0 1747 2620; ppageno 0'>
   <div class='ocr_carea' id='block_1_1' title="bbox 795 521 1092 566">
    <p class='ocr_par' dir='ltr' id='par_1_1' title="bbox 795 521 1092 566">
     <span class='ocr_line' id='line_1_1' title="bbox 795 521 1092 566; baseline 0 -2"><span class='ocrx_word' id='word_1_1' title='bbox 795 521 1005 566; x_wconf 88' lang='lat' dir='ltr'>ACTUS</span> <span class='ocrx_word' id='word_1_2' title='bbox 1036 521 1092 565; x_wconf 78' lang='lat' dir='ltr'>V,</span> 
     </span>
    </p>
   </div>
   <div class='ocr_carea' id='block_1_2' title="bbox 627 700 1256 738">
    <p class='ocr_par' dir='ltr' id='par_1_2' title="bbox 627 700 1256 738">
     <span class='ocr_line' id='line_1_2' title="bbox 627 700 1256 738; baseline 0 -1"><span class='ocrx_word' id='word_1_3' title='bbox 627 700 874 738; x_wconf 75' lang='lat' dir='ltr'>PsEUDosz</span> <span class='ocrx_word' id='word_1_4' title='bbox 904 700 1065 738; x_wconf 78' lang='lat' dir='ltr'>SERuos</span> <span class='ocrx_word' id='word_1_5' title='bbox 1096 709 1256 737; x_wconf 65' lang='lat' dir='ltr'>Eamus.</span> 
     </span>
    </p>
   </div>
   <div class='ocr_carea' id='block_1_3' title="bbox 194 796 1621 2333">
    <p class='ocr_par' dir='ltr' id='par_1_3' title="bbox 194 796 1621 2333">
     <span class='ocr_line' id='line_1_3' title="bbox 194 796 1422 847; baseline -0.001 -10"><span class='ocrx_word' id='word_1_6' title='bbox 194 806 225 837; x_wconf 93' lang='lat' dir='ltr'>V</span> <span class='ocrx_word' id='word_1_7' title='bbox 243 810 260 837; x_wconf 91' lang='lat'>1</span> <span class='ocrx_word' id='word_1_8' title='bbox 280 797 388 847; x_wconf 87' lang='lat' dir='ltr'>Quid</span> <span class='ocrx_word' id='word_1_9' title='bbox 416 798 522 836; x_wconf 87' lang='lat' dir='ltr'><strong>hoc?</strong></span> <span class='ocrx_word' id='word_1_10' title='bbox 559 797 681 836; x_wconf 89' lang='lat' dir='ltr'>sicine</span> <span class='ocrx_word' id='word_1_11' title='bbox 710 798 788 835; x_wconf 87' lang='lat' dir='ltr'>hoc</span> <span class='ocrx_word' id='word_1_12' title='bbox 814 798 886 835; x_wconf 84' lang='lat' dir='ltr'>fit?</span> <span class='ocrx_word' id='word_1_13' title='bbox 923 797 1055 847; x_wconf 90' lang='lat' dir='ltr'>pedes,</span> <span class='ocrx_word' id='word_1_14' title='bbox 1088 796 1204 836; x_wconf 84' lang='lat' dir='ltr'>statin</span> <span class='ocrx_word' id='word_1_15' title='bbox 1233 809 1282 835; x_wconf 85' lang='lat' dir='ltr'>an</span> <span class='ocrx_word' id='word_1_16' title='bbox 1311 798 1422 836; x_wconf 84' lang='lat' dir='ltr'><strong>non?</strong></span> 
     </span>
     <span class='ocr_line' id='line_1_4' title="bbox 279 861 1401 911; baseline 0 -11"><span class='ocrx_word' id='word_1_17' title='bbox 279 865 342 900; x_wconf 92' lang='lat' dir='ltr'>An</span> <span class='ocrx_word' id='word_1_18' title='bbox 371 862 413 900; x_wconf 91' lang='lat' dir='ltr'>id</span> <span class='ocrx_word' id='word_1_19' title='bbox 440 862 557 901; x_wconf 90' lang='lat' dir='ltr'>uoltis</span> <span class='ocrx_word' id='word_1_20' title='bbox 586 870 629 900; x_wconf 90' lang='lat' dir='ltr'>ut</span> <span class='ocrx_word' id='word_1_21' title='bbox 658 875 721 900; x_wconf 88' lang='lat' dir='ltr'>me</span> <span class='ocrx_word' id='word_1_22' title='bbox 749 861 842 900; x_wconf 85' lang='lat' dir='ltr'>hinc</span> <span class='ocrx_word' id='word_1_23' title='bbox 871 861 1064 900; x_wconf 86' lang='lat' dir='ltr'>iacentem</span> <span class='ocrx_word' id='word_1_24' title='bbox 1093 861 1231 911; x_wconf 89' lang='lat' dir='ltr'>aliquis</span> <span class='ocrx_word' id='word_1_25' title='bbox 1261 862 1401 900; x_wconf 83' lang='lat' dir='ltr'><strong>tollat?</strong></span> 
     </span>
     <span class='ocr_line' id='line_1_5' title="bbox 280 925 1360 975; baseline -0.002 -10"><span class='ocrx_word' id='word_1_26' title='bbox 280 928 385 965; x_wconf 88' lang='lat' dir='ltr'>Nam</span> <span class='ocrx_word' id='word_1_27' title='bbox 414 927 543 964; x_wconf 85' lang='lat' dir='ltr'><strong>hercle</strong></span> <span class='ocrx_word' id='word_1_28' title='bbox 572 925 604 963; x_wconf 92' lang='lat' dir='ltr'>si</span> <span class='ocrx_word' id='word_1_29' title='bbox 633 925 826 974; x_wconf 84' lang='lat' dir='ltr'>cecidero,</span> <span class='ocrx_word' id='word_1_30' title='bbox 857 934 1033 964; x_wconf 84' lang='lat' dir='ltr'>nostrum</span> <span class='ocrx_word' id='word_1_31' title='bbox 1063 925 1134 964; x_wconf 88' lang='lat' dir='ltr'>erit</span> <span class='ocrx_word' id='word_1_32' title='bbox 1162 925 1360 975; x_wconf 79' lang='lat' dir='ltr'>flagitium.</span> 
     </span>
     <span class='ocr_line' id='line_1_6' title="bbox 280 989 1608 1040; baseline -0.002 -12"><span class='ocrx_word' id='word_1_33' title='bbox 280 989 451 1040; x_wconf 86' lang='lat' dir='ltr'>Pergitin</span> <span class='ocrx_word' id='word_1_34' title='bbox 480 991 669 1040; x_wconf 86' lang='lat' dir='ltr'><strong>pergere?</strong></span> <span class='ocrx_word' id='word_1_35' title='bbox 706 990 767 1036; x_wconf 87' lang='lat' dir='ltr'>ah,</span> <span class='ocrx_word' id='word_1_36' title='bbox 798 990 1052 1028; x_wconf 86' lang='lat' dir='ltr'>seruiundurn</span> <span class='ocrx_word' id='word_1_37' title='bbox 1082 989 1177 1027; x_wconf 89' lang='lat' dir='ltr'>mihi</span> <span class='ocrx_word' id='word_1_38' title='bbox 1205 990 1323 1028; x_wconf 92' lang='lat' dir='ltr'>hodie</span> <span class='ocrx_word' id='word_1_39' title='bbox 1353 995 1422 1027; x_wconf 87' lang='lat' dir='ltr'>est.</span> <span class='ocrx_word' id='word_1_40' title='bbox 1507 1000 1608 1038; x_wconf 87' lang='lat'><strong>1250</strong></span> 
     </span>
     <span class='ocr_line' id='line_1_7' title="bbox 249 1053 1612 1106; baseline -0.002 -12"><span class='ocrx_word' id='word_1_41' title='bbox 249 1075 263 1098; x_wconf 82' lang='lat'><strong>5</strong></span> <span class='ocrx_word' id='word_1_42' title='bbox 282 1057 472 1106; x_wconf 87' lang='lat' dir='ltr'>Magnum</span> <span class='ocrx_word' id='word_1_43' title='bbox 493 1056 568 1094; x_wconf 91' lang='lat' dir='ltr'>hoc</span> <span class='ocrx_word' id='word_1_44' title='bbox 584 1054 723 1093; x_wconf 88' lang='lat' dir='ltr'>uitium</span> <span class='ocrx_word' id='word_1_45' title='bbox 743 1054 837 1093; x_wconf 90' lang='lat' dir='ltr'>uino</span> <span class='ocrx_word' id='word_1_46' title='bbox 854 1062 912 1093; x_wconf 87' lang='lat' dir='ltr'>est</span> <span class='ocrx_word' id='word_1_47' title='bbox 928 1069 936 1093; x_wconf 86' lang='lat'>:</span> <span class='ocrx_word' id='word_1_48' title='bbox 957 1055 1079 1105; x_wconf 91' lang='lat' dir='ltr'>pedes</span> <span class='ocrx_word' id='word_1_49' title='bbox 1099 1062 1231 1104; x_wconf 86' lang='lat' dir='ltr'><strong>captat</strong></span> <span class='ocrx_word' id='word_1_50' title='bbox 1247 1053 1429 1104; x_wconf 90' lang='lat' dir='ltr'>primum,</span> <span class='ocrx_word' id='word_1_51' title='bbox 1445 1054 1612 1092; x_wconf 84' lang='lat' dir='ltr'><strong>luctator</strong></span> 
     </span>
     <span class='ocr_line' id='line_1_8' title="bbox 388 1121 579 1159; baseline -0.01 0"><span class='ocrx_word' id='word_1_52' title='bbox 388 1121 579 1159; x_wconf 87' lang='lat' dir='ltr'>dolosust.</span> 
     </span>
     <span class='ocr_line' id='line_1_9' title="bbox 283 1184 1456 1234; baseline -0.003 -11"><span class='ocrx_word' id='word_1_53' title='bbox 283 1186 463 1224; x_wconf 88' lang='lat' dir='ltr'><strong>Profecto</strong></span> <span class='ocrx_word' id='word_1_54' title='bbox 493 1185 637 1233; x_wconf 91' lang='lat' dir='ltr'><strong>edepol</strong></span> <span class='ocrx_word' id='word_1_55' title='bbox 666 1197 740 1234; x_wconf 86' lang='lat' dir='ltr'>ego</span> <span class='ocrx_word' id='word_1_56' title='bbox 769 1197 874 1222; x_wconf 87' lang='lat' dir='ltr'>nunc</span> <span class='ocrx_word' id='word_1_57' title='bbox 902 1184 1025 1233; x_wconf 92' lang='lat' dir='ltr'><strong>probe</strong></span> <span class='ocrx_word' id='word_1_58' title='bbox 1054 1184 1181 1221; x_wconf 85' lang='lat' dir='ltr'><strong>habeo</strong></span> <span class='ocrx_word' id='word_1_59' title='bbox 1211 1184 1431 1222; x_wconf 82' lang='lat' dir='ltr'>madulsam</span> <span class='ocrx_word' id='word_1_60' title='bbox 1445 1197 1456 1230; x_wconf 69' lang='grc' dir='ltr'><strong><em>ς</em></strong></span> 
     </span>
     <span class='ocr_line' id='line_1_10' title="bbox 283 1246 1174 1297; baseline -0.003 -10"><span class='ocrx_word' id='word_1_61' title='bbox 283 1251 345 1287; x_wconf 86' lang='lat' dir='ltr'>Ita</span> <span class='ocrx_word' id='word_1_62' title='bbox 372 1248 481 1286; x_wconf 87' lang='lat' dir='ltr'>uictu</span> <span class='ocrx_word' id='word_1_63' title='bbox 510 1255 702 1293; x_wconf 83' lang='lat' dir='ltr'><strong>excurato,</strong></span> <span class='ocrx_word' id='word_1_64' title='bbox 733 1247 786 1285; x_wconf 83' lang='lat' dir='ltr'>ita</span> <span class='ocrx_word' id='word_1_65' title='bbox 814 1247 1016 1285; x_wconf 86' lang='lat' dir='ltr'>munditiis</span> <span class='ocrx_word' id='word_1_66' title='bbox 1046 1246 1174 1297; x_wconf 88' lang='lat' dir='ltr'>dignis</span> 
     </span>
     <span class='ocr_line' id='line_1_11' title="bbox 283 1311 1302 1361; baseline -0.001 -10"><span class='ocrx_word' id='word_1_67' title='bbox 283 1314 423 1361; x_wconf 86' lang='lat' dir='ltr'>Itaque</span> <span class='ocrx_word' id='word_1_68' title='bbox 451 1312 491 1350; x_wconf 91' lang='lat' dir='ltr'>in</span> <span class='ocrx_word' id='word_1_69' title='bbox 520 1313 608 1350; x_wconf 86' lang='lat' dir='ltr'><strong>loco</strong></span> <span class='ocrx_word' id='word_1_70' title='bbox 637 1311 778 1350; x_wconf 87' lang='lat' dir='ltr'>festiuo</span> <span class='ocrx_word' id='word_1_71' title='bbox 809 1324 943 1349; x_wconf 90' lang='lat' dir='ltr'>sumus</span> <span class='ocrx_word' id='word_1_72' title='bbox 973 1311 1111 1350; x_wconf 89' lang='lat' dir='ltr'>festiue</span> <span class='ocrx_word' id='word_1_73' title='bbox 1139 1311 1302 1361; x_wconf 86' lang='lat' dir='ltr'>accepti.</span> 
     </span>
     <span class='ocr_line' id='line_1_12' title="bbox 283 1377 1610 1426; baseline -0.002 -11"><span class='ocrx_word' id='word_1_74' title='bbox 283 1377 392 1426; x_wconf 88' lang='lat' dir='ltr'>Quid</span> <span class='ocrx_word' id='word_1_75' title='bbox 420 1389 519 1426; x_wconf 91' lang='lat' dir='ltr'>opus</span> <span class='ocrx_word' id='word_1_76' title='bbox 549 1384 607 1414; x_wconf 84' lang='lat' dir='ltr'>est</span> <span class='ocrx_word' id='word_1_77' title='bbox 636 1389 700 1415; x_wconf 92' lang='lat' dir='ltr'>me</span> <span class='ocrx_word' id='word_1_78' title='bbox 729 1377 871 1414; x_wconf 86' lang='lat' dir='ltr'>multas</span> <span class='ocrx_word' id='word_1_79' title='bbox 901 1389 1014 1426; x_wconf 88' lang='lat' dir='ltr'><strong>agere</strong></span> <span class='ocrx_word' id='word_1_80' title='bbox 1043 1377 1257 1426; x_wconf 81' lang='lat' dir='ltr'><strong>ambages?</strong></span> <span class='ocrx_word' id='word_1_81' title='bbox 1514 1387 1610 1425; x_wconf 86' lang='lat'>1255</span> 
     </span>
     <span class='ocr_line' id='line_1_13' title="bbox 236 1440 1281 1491; baseline -0.003 -10"><span class='ocrx_word' id='word_1_82' title='bbox 236 1465 267 1480; x_wconf 89' lang='lat'>10</span> <span class='ocrx_word' id='word_1_83' title='bbox 285 1445 378 1481; x_wconf 92' lang='lat' dir='ltr'>Hoc</span> <span class='ocrx_word' id='word_1_84' title='bbox 408 1450 465 1481; x_wconf 87' lang='lat' dir='ltr'>est</span> <span class='ocrx_word' id='word_1_85' title='bbox 493 1441 645 1480; x_wconf 87' lang='lat' dir='ltr'>homini</span> <span class='ocrx_word' id='word_1_86' title='bbox 674 1454 793 1491; x_wconf 80' lang='lat' dir='ltr'>quam</span> <span class='ocrx_word' id='word_1_87' title='bbox 823 1442 875 1479; x_wconf 94' lang='lat' dir='ltr'>ob</span> <span class='ocrx_word' id='word_1_88' title='bbox 903 1454 986 1479; x_wconf 90' lang='lat' dir='ltr'>rem</span> <span class='ocrx_word' id='word_1_89' title='bbox 1015 1440 1138 1479; x_wconf 88' lang='lat' dir='ltr'>uitam</span> <span class='ocrx_word' id='word_1_90' title='bbox 1167 1447 1281 1478; x_wconf 87' lang='lat' dir='ltr'><strong>amet.</strong></span> 
     </span>
     <span class='ocr_line' id='line_1_14' title="bbox 286 1507 1348 1556; baseline -0.002 -11"><span class='ocrx_word' id='word_1_91' title='bbox 286 1508 367 1545; x_wconf 91' lang='lat' dir='ltr'>Hic</span> <span class='ocrx_word' id='word_1_92' title='bbox 395 1519 532 1545; x_wconf 91' lang='lat' dir='ltr'>omnes</span> <span class='ocrx_word' id='word_1_93' title='bbox 561 1507 795 1556; x_wconf 84' lang='lat' dir='ltr'>uoluptates,</span> <span class='ocrx_word' id='word_1_94' title='bbox 826 1518 965 1544; x_wconf 90' lang='lat' dir='ltr'>omnes</span> <span class='ocrx_word' id='word_1_95' title='bbox 992 1513 1219 1544; x_wconf 83' lang='lat' dir='ltr'>uenustates</span> <span class='ocrx_word' id='word_1_96' title='bbox 1249 1513 1348 1544; x_wconf 90' lang='lat' dir='ltr'>sunt.</span> 
     </span>
     <span class='ocr_line' id='line_1_15' title="bbox 284 1570 1614 1621; baseline -0.001 -12"><span class='ocrx_word' id='word_1_97' title='bbox 284 1570 381 1610; x_wconf 87' lang='lat' dir='ltr'>Deis</span> <span class='ocrx_word' id='word_1_98' title='bbox 408 1584 641 1621; x_wconf 85' lang='lat' dir='ltr'>proxumum</span> <span class='ocrx_word' id='word_1_99' title='bbox 672 1584 756 1609; x_wconf 90' lang='lat' dir='ltr'>esse</span> <span class='ocrx_word' id='word_1_100' title='bbox 784 1570 947 1609; x_wconf 84' lang='lat' dir='ltr'>arbitror</span> <span class='ocrx_word' id='word_1_101' title='bbox 1514 1573 1614 1620; x_wconf 85' lang='lat'>1258</span> 
     </span>
     <span class='ocr_line' id='line_1_16' title="bbox 287 1634 1613 1674; baseline -0.002 0"><span class='ocrx_word' id='word_1_102' title='bbox 287 1638 412 1674; x_wconf 86' lang='lat' dir='ltr'>Manu</span> <span class='ocrx_word' id='word_1_103' title='bbox 441 1634 611 1674; x_wconf 84' lang='lat' dir='ltr'>candida</span> <span class='ocrx_word' id='word_1_104' title='bbox 639 1636 871 1673; x_wconf 84' lang='lat' dir='ltr'>cantharum</span> <span class='ocrx_word' id='word_1_105' title='bbox 901 1634 1133 1673; x_wconf 89' lang='lat' dir='ltr'>dulciferum</span> <span class='ocrx_word' id='word_1_106' title='bbox 1516 1637 1613 1672; x_wconf 87' lang='lat'>1262</span> 
     </span>
     <span class='ocr_line' id='line_1_17' title="bbox 287 1699 1037 1751; baseline -0.005 -11"><span class='ocrx_word' id='word_1_107' title='bbox 287 1700 497 1751; x_wconf 80' lang='lat' dir='ltr'><strong>Propinare</strong></span> <span class='ocrx_word' id='word_1_108' title='bbox 526 1700 817 1739; x_wconf 83' lang='lat' dir='ltr'>amicissumam</span> <span class='ocrx_word' id='word_1_109' title='bbox 845 1699 1013 1737; x_wconf 82' lang='lat' dir='ltr'>amicam</span> <span class='ocrx_word' id='word_1_110' title='bbox 1027 1713 1037 1746; x_wconf 83' lang='lat'>;</span> 
     </span>
     <span class='ocr_line' id='line_1_18' title="bbox 238 1763 1617 1816; baseline 0 -14"><span class='ocrx_word' id='word_1_111' title='bbox 238 1785 268 1808; x_wconf 80' lang='lat'>15</span> <span class='ocrx_word' id='word_1_112' title='bbox 287 1768 428 1816; x_wconf 89' lang='lat' dir='ltr'><strong>Neque</strong></span> <span class='ocrx_word' id='word_1_113' title='bbox 454 1765 509 1803; x_wconf 91' lang='lat' dir='ltr'>ibi</span> <span class='ocrx_word' id='word_1_114' title='bbox 533 1778 618 1803; x_wconf 88' lang='lat' dir='ltr'>esse</span> <span class='ocrx_word' id='word_1_115' title='bbox 642 1764 763 1802; x_wconf 89' lang='lat' dir='ltr'>alium</span> <span class='ocrx_word' id='word_1_116' title='bbox 787 1763 850 1803; x_wconf 86' lang='lat' dir='ltr'>alii</span> <span class='ocrx_word' id='word_1_117' title='bbox 877 1765 970 1802; x_wconf 91' lang='lat' dir='ltr'>odio</span> <span class='ocrx_word' id='word_1_118' title='bbox 995 1777 1069 1802; x_wconf 88' lang='lat' dir='ltr'>nec</span> <span class='ocrx_word' id='word_1_119' title='bbox 1094 1765 1305 1802; x_wconf 84' lang='lat' dir='ltr'>molestum</span> <span class='ocrx_word' id='word_1_120' title='bbox 1331 1776 1405 1802; x_wconf 88' lang='lat' dir='ltr'>nec</span> <span class='ocrx_word' id='word_1_121' title='bbox 1433 1764 1617 1802; x_wconf 90' lang='lat' dir='ltr'>sermoni-</span> 
     </span>
     <span class='ocr_line' id='line_1_19' title="bbox 394 1829 818 1880; baseline -0.002 -11"><span class='ocrx_word' id='word_1_122' title='bbox 394 1831 468 1869; x_wconf 88' lang='lat' dir='ltr'>bus</span> <span class='ocrx_word' id='word_1_123' title='bbox 497 1830 709 1880; x_wconf 84' lang='lat' dir='ltr'>morologis</span> <span class='ocrx_word' id='word_1_124' title='bbox 737 1829 818 1878; x_wconf 80' lang='lat' dir='ltr'>uti3</span> 
     </span>
     <span class='ocr_line' id='line_1_20' title="bbox 290 1893 1615 1946; baseline -0.003 -11"><span class='ocrx_word' id='word_1_125' title='bbox 290 1899 505 1946; x_wconf 81' lang='lat' dir='ltr'>Unguenta</span> <span class='ocrx_word' id='word_1_126' title='bbox 533 1903 652 1944; x_wconf 82' lang='lat' dir='ltr'>atque</span> <span class='ocrx_word' id='word_1_127' title='bbox 682 1896 833 1941; x_wconf 90' lang='lat' dir='ltr'>odores,</span> <span class='ocrx_word' id='word_1_128' title='bbox 864 1893 1085 1941; x_wconf 82' lang='lat' dir='ltr'>lemniscos‚</span> <span class='ocrx_word' id='word_1_129' title='bbox 1116 1895 1283 1932; x_wconf 86' lang='lat' dir='ltr'><strong>corollas</strong></span> <span class='ocrx_word' id='word_1_130' title='bbox 1516 1896 1615 1943; x_wconf 86' lang='lat'>1265</span> 
     </span>
     <span class='ocr_line' id='line_1_21' title="bbox 291 1958 1617 2009; baseline -0.002 -10"><span class='ocrx_word' id='word_1_131' title='bbox 291 1960 387 1999; x_wconf 87' lang='lat' dir='ltr'>Dari</span> <span class='ocrx_word' id='word_1_132' title='bbox 413 1959 583 2009; x_wconf 81' lang='lat' dir='ltr'>dapsilis,</span> <span class='ocrx_word' id='word_1_133' title='bbox 605 1972 779 1998; x_wconf 88' lang='lat' dir='ltr'>noenum</span> <span class='ocrx_word' id='word_1_134' title='bbox 805 1972 920 2009; x_wconf 83' lang='lat' dir='ltr'><strong>parce</strong></span> <span class='ocrx_word' id='word_1_135' title='bbox 941 1958 1078 2008; x_wconf 87' lang='lat' dir='ltr'>promi,</span> <span class='ocrx_word' id='word_1_136' title='bbox 1099 1959 1144 1996; x_wconf 82' lang='lat' dir='ltr'>de</span> <span class='ocrx_word' id='word_1_137' title='bbox 1167 1958 1274 1997; x_wconf 87' lang='lat' dir='ltr'>uictu</span> <span class='ocrx_word' id='word_1_138' title='bbox 1299 1965 1430 1997; x_wconf 90' lang='lat' dir='ltr'><strong>cetero</strong></span> <span class='ocrx_word' id='word_1_139' title='bbox 1456 1970 1507 1997; x_wconf 91' lang='lat' dir='ltr'>ne</span> <span class='ocrx_word' id='word_1_140' title='bbox 1532 1958 1617 2007; x_wconf 86' lang='lat' dir='ltr'>quis</span> 
     </span>
     <span class='ocr_line' id='line_1_22' title="bbox 397 2031 608 2073; baseline 0 -11"><span class='ocrx_word' id='word_1_141' title='bbox 397 2038 460 2063; x_wconf 90' lang='lat' dir='ltr'>me</span> <span class='ocrx_word' id='word_1_142' title='bbox 489 2031 608 2073; x_wconf 86' lang='lat' dir='ltr'><strong>roget.</strong></span> 
     </span>
     <span class='ocr_line' id='line_1_23' title="bbox 292 2087 1060 2139; baseline 0 -13"><span class='ocrx_word' id='word_1_143' title='bbox 292 2091 386 2128; x_wconf 88' lang='lat' dir='ltr'>Hoc</span> <span class='ocrx_word' id='word_1_144' title='bbox 415 2102 488 2139; x_wconf 87' lang='lat' dir='ltr'>ego</span> <span class='ocrx_word' id='word_1_145' title='bbox 517 2089 639 2127; x_wconf 90' lang='lat' dir='ltr'>modo</span> <span class='ocrx_word' id='word_1_146' title='bbox 667 2096 786 2138; x_wconf 89' lang='lat' dir='ltr'>atque</span> <span class='ocrx_word' id='word_1_147' title='bbox 816 2101 902 2127; x_wconf 90' lang='lat' dir='ltr'>erus</span> <span class='ocrx_word' id='word_1_148' title='bbox 932 2087 1060 2126; x_wconf 85' lang='lat' dir='ltr'>minor</span> 
     </span>
     <span class='ocr_line' id='line_1_24' title="bbox 292 2153 1069 2203; baseline 0.001 -12"><span class='ocrx_word' id='word_1_149' title='bbox 292 2155 414 2191; x_wconf 90' lang='lat' dir='ltr'>Hunc</span> <span class='ocrx_word' id='word_1_150' title='bbox 444 2153 549 2192; x_wconf 90' lang='lat' dir='ltr'>diem</span> <span class='ocrx_word' id='word_1_151' title='bbox 578 2153 816 2203; x_wconf 86' lang='lat' dir='ltr'>sumpsimus</span> <span class='ocrx_word' id='word_1_152' title='bbox 846 2154 1069 2202; x_wconf 83' lang='lat' dir='ltr'><strong>prothyme‚</strong></span> 
     </span>
     <span class='ocr_line' id='line_1_25' title="bbox 242 2210 1621 2267; baseline 0.003 -15"><span class='ocrx_word' id='word_1_153' title='bbox 242 2235 275 2253; x_wconf 71' lang='grc' dir='ltr'>ω</span> <span class='ocrx_word' id='word_1_154' title='bbox 293 2219 508 2267; x_wconf 86' lang='lat' dir='ltr'>Postquam</span> <span class='ocrx_word' id='word_1_155' title='bbox 537 2230 637 2267; x_wconf 88' lang='lat' dir='ltr'>opus</span> <span class='ocrx_word' id='word_1_156' title='bbox 665 2230 798 2256; x_wconf 89' lang='lat' dir='ltr'>meum</span> <span class='ocrx_word' id='word_1_157' title='bbox 828 2230 946 2256; x_wconf 90' lang='lat' dir='ltr'>omne</span> <span class='ocrx_word' id='word_1_158' title='bbox 974 2226 1017 2256; x_wconf 91' lang='lat' dir='ltr'>ut</span> <span class='ocrx_word' id='word_1_159' title='bbox 1048 2216 1156 2256; x_wconf 88' lang='lat' dir='ltr'>uolui</span> <span class='ocrx_word' id='word_1_160' title='bbox 1190 2216 1411 2267; x_wconf 88' lang='lat' dir='ltr'><strong>perpetraui</strong></span> <span class='ocrx_word' id='word_1_161' title='bbox 1441 2210 1621 2256; x_wconf 77' lang='lat' dir='ltr'>hostibus</span> 
     </span>
     <span class='ocr_line' id='line_1_26' title="bbox 397 2281 571 2333; baseline 0.006 -14"><span class='ocrx_word' id='word_1_162' title='bbox 397 2281 571 2333; x_wconf 55' lang='lat' dir='ltr'>fugatiss</span> 
     </span>
    </p>
   </div>
  </div>
 </body>
</html>
