1747 2620
157 134 175 170 1
198 142 233 182 5,
258 130 430 183 58—89]
631 131 742 170 PSE
753 131 909 170 UDOL
921 131 995 170 ΠΒ.
1431 143 1474 179 25

154 237 206 275 Sr.
267 235 396 273 Mihin
425 236 590 274 domino
620 248 751 274 seruos
781 243 821 273 tu
851 237 1085 274 suscenses?
1160 237 1222 272 Ρ5.
1274 233 1380 272 ‘Tam
1410 233 1480 272 tibi

155 299 300 338 Mirum
329 300 370 337 id
399 299 582 337 uidetur?
654 300 706 337 S1.
767 300 914 337 Hercle
943 299 1022 348 qui,
1052 306 1094 336 ut
1124 305 1166 336 tu
1195 298 1406 347 praedicas,

103 381 136 406 ⁶0
153 363 385 403 Cauendum
415 370 473 401 est
502 362 598 401 mihi
626 364 696 402 abs
725 370 763 401 te
792 363 902 409 irato,
932 370 1052 412 atque
1080 362 1157 401 alio
1186 370 1228 400 tu
1257 362 1378 399 modo
1455 356 1459 360 ’

154 429 224 466 Me
252 429 454 466 uerberare
483 435 600 476 atque
630 441 703 477 ego
734 435 772 466 te
800 429 909 466 soleo
938 427 1094 477 cogitas.
1403 439 1475 479 475

153 492 259 541 Quid
288 493 455 530 censes?
528 493 600 531 CA.
660 492 813 541 Edepol
844 491 980 530 merito
1009 504 1095 530 esse
1123 491 1264 528 iratum
1292 489 1466 534 arbitror,

152 557 284 605 Quom
312 557 416 609 apud
448 564 486 594 te
515 569 653 605 parum
682 563 741 595 est
770 556 812 594 ei
836 556 937 594 fidei.
1014 557 1082 599 S1„
1129 556 1214 592 Iam
1244 554 1299 591 sic
1328 552 1422 599 sine,

152 621 278 658 Iratus
308 619 356 658 sit
373 635 382 668 3
421 632 494 669 ego
524 633 573 657 ne
603 619 697 668 quid
727 627 870 658 noceat
899 632 1050 666 cauero.

102 700 134 730 65
152 685 230 723 Sed
246 684 340 734 quid
356 684 440 723 ais?
470 684 563 735 quid
581 685 656 722 hoc
671 685 780 733 quod
798 691 835 723 te
851 686 975 734 rogo?
1023 686 1085 723 Ps.
1117 683 1155 723 Si
1172 682 1266 733 quid
1282 681 1351 730 uis,
1369 690 1480 732 roga‘3

152 748 271 797 Quod
299 747 420 794 scibo,
452 746 617 796 Delphis
646 747 716 786 tibi
745 761 976 797 responsum
1006 735 1136 786 dicito.
1212 776 1214 778 v
1278 783 1280 787 ,
1322 743 1323 748 ’
1403 748 1480 793 480

151 814 203 852 S1.
260 814 434 850 Aduorte
463 825 552 861 ergo
581 812 756 850 animum
785 820 823 851 et
851 813 912 850 fac
941 812 991 850 sis
1020 811 1201 861 promissi
1229 824 1388 850 mernor.

152 875 258 925 Quid
286 876 370 914 ais?
409 889 573 925 ecquam
603 875 677 914 scis
706 876 827 914 filium
857 876 1058 915 tibicinam

153 942 289 980 Meum
319 942 479 978 amare?
548 942 608 979 Ps.
651 941 728 978 Ναὶ
754 939 838 993 γάρ.
909 943 960 980 S1.
1003 941 1186 980 Liberare
1215 954 1332 990 quam
1360 941 1483 980 uelit?

103 1007 214 1060 72238.
272 1004 349 1042 Καὶ
375 1007 485 1043 τοῦτο
513 1005 572 1042 ναὶ
599 1004 684 1056 γάρ.
759 1007 811 1044 S1.
872 1007 1021 1055 Ecquas
1049 1005 1185 1055 uiginti
1214 1005 1338 1043 minas

153 1072 227 1108 Per
256 1070 551 1119 sycophantiam
580 1079 699 1125 atque
727 1084 797 1120 per
826 1072 966 1110 doctos
995 1071 1107 1109 dolos
1405 1071 1478 1119 485

153 1133 302 1172 Paritas
331 1142 372 1171 ut
401 1147 424 1172 a
454 1147 517 1173 me
546 1136 727 1172 auferas?
801 1137 864 1173 Ρ5.
923 1136 1006 1172 Abs
1036 1142 1074 1172 te
1102 1136 1304 1172 auferam?
1405 1139 1407 1143 “

153 1199 206 1237 S1.
265 1199 350 1245 Ita;
388 1211 483 1247 quas
513 1211 603 1237 meo
631 1206 752 1248 gnato
781 1199 862 1244 des,
894 1198 962 1248 qui
990 1198 1158 1237 amicam
1187 1195 1352 1234 liberet?

153 1265 290 1302 Fatere
303 1277 314 1310 3
343 1263 407 1301 dic
436 1263 497 1300 καὶ
523 1264 632 1301 τοῦτο
661 1263 732 1300 ναί.
807 1265 870 1302 PS.
930 1262 1006 1301 Καὶ
1033 1265 1143 1301 τοῦτο
1171 1260 1244 1299 ναί.

103 1345 134 1370 75
153 1328 224 1366 CA.
284 1329 452 1379 Fatetur.
529 1328 582 1366 Sr.
642 1327 772 1375 Dixin,
804 1327 999 1378 Callipho,
1030 1329 1182 1366 dudum
1212 1327 1282 1364 tibi
1296 1330 1308 1364 f*

153 1393 225 1431 CA.
285 1391 463 1430 Memini.
522 1393 574 1448 Si.
617 1393 697 1431 Cur
724 1393 833 1440 haec,
865 1399 907 1430 tu
936 1393 1002 1431 ubi
1031 1390 1223 1431 resciuisti
1252 1390 1350 1438 ilico,
1405 1406 1481 1442 490

152 1457 289 1496 Celata
317 1469 380 1494 me
410 1458 528 1494 sunt?
565 1469 634 1494 cur
662 1470 742 1494 non
771 1456 941 1495 resciui?
1012 1458 1076 1495 Ps.
1136 1457 1331 1504 Eloquar:

153 1520 258 1569 Quia
285 1521 468 1559 nolebam
500 1533 546 1559 ex
574 1534 637 1559 me
666 1534 816 1559 morem
845 1521 1024 1571 progigni
1053 1522 1212 1568 malum,

153 1586 274 1623 Erum
303 1592 347 1623 ut
373 1599 465 1623 suus
493 1598 626 1623 seruos
656 1585 876 1624 criminaret
905 1587 1009 1635 apud
1038 1599 1156 1625 erum.

103 1661 136 1685 80
153 1650 208 1687 Si.
269 1650 476 1688 Iuberesne
503 1650 608 1687 hunc
636 1649 890 1699 praecipitem
919 1649 959 1687 in
988 1641 1193 1700 pistrinum
1223 1650 1352 1690 trahi?

159 1715 225 1752 Ca.
276 1715 381 1752 Num
401 1714 507 1763 quid,
529 1713 648 1760 Simo,
670 1721 878 1763 peccatum
899 1716 986 1753 est?
1041 1716 1095 1754 Si.
1138 1717 1268 1753 Immo
1287 1728 1478 1754 maxume.

156 1777 311 1816 Desiste
326 1792 337 1825 3
376 1786 480 1816 recte
509 1791 583 1828 ego
611 1791 739 1817 meam
769 1792 851 1817 rem
882 1780 1002 1828 sapio,
1032 1779 1226 1828 Callipho.
1405 1782 1480 1828 496

154 1844 216 1881 Ρ5.
276 1843 445 1880 Peccata
473 1854 561 1880 mea
590 1850 690 1880 sunt.
738 1843 937 1895 'Animum
965 1844 1128 1881 aduorte
1158 1855 1262 1881 nunc
1291 1842 1380 1888 iam,

154 1907 404 1955 Quapropter
433 1913 471 1944 te
499 1913 698 1955 expertem
728 1907 870 1945 amoris
898 1908 977 1945 nati
1007 1907 1219 1951 habuerim.

104 1980 136 2011 85
154 1969 364 2008 Pistrinum
393 1969 433 2007 in
462 1971 613 2008 mundo
643 1970 802 2017 scibam,
834 1971 865 2009 si
894 1971 932 2009 id
963 1973 1102 2017 faxem,
1134 1972 1238 2009 mihi.

153 2036 205 2074 S1.
265 2035 358 2072 Non
386 2047 411 2072 a
438 2048 501 2073 me
530 2035 657 2073 scibas
686 2035 892 2084 pistrinum
921 2036 962 2074 in
991 2037 1141 2075 mundo
1170 2036 1251 2082 tibi,
1405 2047 1479 2085 500

154 2097 286 2145 Quom
306 2110 353 2135 ea
372 2098 634 2136 mussitabas?
689 2100 753 2136 Ps.
803 2099 972 2137 Scibam.
1030 2101 1083 2138 S1.
1133 2101 1214 2139 Cur
1232 2112 1312 2137 non
1333 2099 1478 2138 dictum

260 2168 318 2199 est
347 2161 471 2199 mihi?

153 2225 216 2262 Ps.
275 2225 379 2272 Quia
405 2225 501 2264 illud
529 2228 674 2264 malum
705 2227 851 2274 aderat,
881 2227 981 2265 istuc
1009 2228 1143 2266 aberat
1170 2227 1346 2279 longius3

155 2288 259 2326 Illud
288 2296 369 2326 erat
396 2302 591 2339 praesenS‚
621 2292 713 2329 huic
741 2298 823 2330 erat
850 2292 1015 2342 diequla.
