1747 2620
114 155 155 193 11
181 167 212 201 2,
241 150 409 204 15-35]
586 151 951 190 PSEUDOLUs.
1383 165 1428 199 31

61 279 91 302 15
111 259 193 296 lia.
252 256 374 306 Quasi
403 263 441 294 te
470 254 577 293 dicas
606 254 824 293 atriensem.
893 256 956 292 Ps.
1016 256 1145 292 Immo
1175 253 1331 293 atriensi
1361 267 1433 305 ego

216 322 363 371 inpero.

110 388 191 424 HA.
251 386 359 435 Quid
385 392 436 432 tu,
460 397 644 424 seruosne
671 397 712 423 es
735 397 785 422 an
811 383 936 422 liber?
1004 385 1066 421 Ps.
1126 384 1243 421 Nunc
1272 382 1433 432 quidem

218 450 335 489 etiam
365 450 503 489 seruio.

110 517 191 554 HA.
252 516 312 553 Ita
332 515 489 563 uidere;
518 522 556 553 et
577 527 657 552 non
677 513 810 553 uidere
830 513 970 563 dignus
992 512 1057 562 qui
1077 511 1173 560 liber
1193 512 1279 551 sies.
1357 515 1431 562 615

109 580 171 618 Ps.
232 580 324 618 Non
354 581 455 617 soles
484 579 674 628 respicere
704 585 754 624 te,
785 591 905 627 quom
935 577 1032 615 dicis
1062 577 1204 614 iniuste
1234 576 1372 615 alteri?

110 646 191 682 HA.
252 646 374 682 Hunc
403 643 603 682 hominem
633 645 779 681 malum
810 656 893 682 esse
923 650 1088 693 oportet.
1166 644 1230 680 Ps.
1291 642 1342 680 Di
1371 655 1434 680 me

216 717 373 748 seruant
402 717 520 757 atque
549 716 683 746 amant
697 722 708 756 3

59 795 91 812 20
111 775 212 812 Nam
233 775 330 812 haec
350 772 444 811 mihi
463 773 574 818 incus
594 780 652 811 est
666 787 676 822 5
705 773 921 823 procudam
942 785 1014 822 ego
1034 771 1151 810 hodie
1171 771 1263 810 hinc
1289 773 1433 811 multos

215 840 339 878 dolos.

111 905 191 942 HA.
251 903 359 953 Quid
386 902 464 941 illic
493 904 599 942 solus
629 916 762 942 secum
790 901 992 952 loquitur?
1048 903 1111 939 Ps.
1163 900 1270 950 Quid
1295 901 1352 939 ais
1379 909 1431 949 tu,

215 969 473 1007 adulescens?
548 970 629 1006 HA.
689 968 797 1016 Quid
826 969 913 1006 est?

107 1036 172 1078 Rs.
232 1035 337 1072 Esne
366 1042 408 1071 tu
437 1046 488 1071 an
516 1046 597 1072 non
627 1046 667 1072 es
696 1035 747 1071 ab
776 1033 841 1071 illo
870 1031 980 1070 militi
1012 1031 1283 1072 Macedonio?
1356 1033 1433 1069 620

109 1100 251 1138 Seruos
281 1098 361 1136 eius
392 1098 458 1147 qui
487 1097 579 1135 hinc
606 1111 630 1136 a
658 1097 771 1136 nobis
801 1104 859 1136 est
887 1104 1081 1135 mercatus
1111 1097 1325 1143 mulierem,

110 1163 190 1212 Qui
218 1163 365 1213 argenti
394 1176 483 1202 meo
513 1176 579 1201 ero
608 1163 740 1201 lenoni
770 1161 996 1211 quindecim
1026 1161 1186 1199 dederat
1215 1161 1352 1207 minas,

58 1245 89 1270 25
110 1227 295 1277 Quinque
338 1228 486 1266 debet?
565 1229 646 1265 HA.
709 1228 812 1265 Sum.
872 1226 950 1264 Sed
992 1225 1058 1263 ubi
1101 1233 1143 1263 tu
1185 1238 1248 1264 me
1290 1225 1435 1264 nouisti

214 1291 390 1341 gentium

109 1358 189 1394 Aut
203 1356 335 1394 uidisti
351 1363 417 1394 aut
437 1356 709 1394 conlocutu's?
736 1368 829 1393 nam
850 1353 1033 1405 equidem
1054 1356 1229 1393 Athenas
1249 1354 1434 1393 antidhac

110 1422 336 1471 Numquam
363 1420 508 1459 adueni
533 1433 664 1470 neque
690 1428 729 1459 te
754 1419 836 1460 uidi
861 1427 952 1459 ante
979 1421 1085 1458 hunc
1111 1420 1216 1459 diem
1246 1434 1434 1470 umquam

215 1486 336 1526 oculis
365 1486 472 1525 meis.
521 1510 525 1514 .
1358 1488 1431 1535 625

109 1551 172 1589 ΡΞ,
231 1550 334 1599 Quia
353 1548 485 1588 uidere
504 1549 597 1589 inde
621 1562 706 1588 esse
719 1564 730 1598 ‚·
758 1563 849 1588 nam
875 1549 978 1596 olim,
1001 1562 1122 1599 quom
1146 1544 1252 1596 abiit,
1274 1558 1434 1599 argento

214 1615 312 1653 haec
340 1615 423 1653 dies

109 1679 343 1718 Praestituta
371 1687 441 1727 est,
472 1681 602 1729 quoad
631 1680 787 1718 referret
814 1678 940 1724 nobis,
967 1691 1097 1728 neque
1125 1678 1220 1717 dum
1249 1678 1405 1717 rettulit.

59 1763 92 1788 30
110 1745 190 1782 HA.
251 1745 380 1782 Immo
409 1745 530 1783 adest.
598 1746 663 1783 Ps.
710 1746 825 1782 Tune
853 1744 1056 1783 adtulisti?
1122 1745 1202 1781 HA.
1254 1744 1432 1793 Egomet.

216 1810 278 1847 Ps.
340 1808 449 1857 Quid
478 1808 633 1847 dubitas
662 1809 784 1855 dare?

111 1874 197 1911 HA..
249 1872 343 1911 Tibi
382 1886 455 1923 ego
493 1873 614 1912 dem?
687 1874 751 1911 Ps.
811 1873 911 1911 Mihi
951 1873 1081 1912 hercle
1121 1884 1225 1919 uero,
1268 1871 1336 1921 qui
1374 1885 1433 1910 res

215 1937 466 1986 rationesque
495 1938 548 1975 eri
1226 1957 1229 1958 ⁷

109 2000 308 2040 Ballionis
324 2014 428 2048 curo,
456 2007 658 2051 argentum
686 2007 851 2050 accepto
880 2007 918 2039 et
945 2000 1039 2050 quoi
1065 2000 1184 2038 debet
1210 2000 1313 2038 dato.
1356 2001 1432 2048 630

111 2067 192 2104 HA.
240 2066 292 2109 Si
310 2065 470 2116 quidem
490 2066 620 2104 hercle
640 2065 759 2104 etiam
783 2064 954 2115 supremi
979 2072 1178 2115 promptes
1205 2064 1432 2102 thensauros

217 2131 337 2179 Iouis,

110 2194 201 2234 Tibi
237 2195 410 2234 libellam
447 2194 596 2245 argenti
633 2207 850 2245 numquam
884 2195 1052 2234 credam.
1128 2195 1192 2232 Ps.
1251 2195 1356 2232 Dum
1391 2201 1432 2233 tu

216 2267 401 2307 sternuas‚

60 2340 92 2365 35
111 2324 192 2364 Res
221 2323 292 2363 erit
319 2326 456 2364 soluta.
532 2326 616 2364 HA.
673 2323 863 2366 Uinctarn
891 2323 1021 2375 potius
1049 2322 1104 2364 sic
1132 2336 1348 2363 seruauero.

1218 2401 1320 2435 4—2
