1747 2620
316 137 366 185 58
797 139 1164 177 PSEUDOLUS
1277 136 1357 190 [IV
1379 149 1412 187 7,
1438 138 1645 187 108-129

317 239 546 287 Symbolum
575 237 642 288 qui
670 240 717 277 ab
744 239 822 277 hoc
850 239 1002 289 accepit
1018 253 1029 287 ;
1067 238 1165 277 mira
1193 246 1283 277 sunt
1311 240 1359 277 ni
1382 239 1629 277 Pseudolust.

317 303 406 340 Eho
434 310 487 348 tn,
518 316 595 352 qua
623 303 722 342 facie
750 304 820 341 fuit
849 304 1001 341 dudum
1031 302 1124 352 quoi
1154 302 1297 340 dedisti
1326 294 1579 353 symbolum?

251 383 301 400 110
318 369 398 405 Ha.
456 369 583 406 Rufus
612 368 784 417 quidam,
815 368 1045 414 uentriosus‚
1076 366 1213 405 crassis
1242 367 1350 413 suris,
1382 368 1575 417 subniger,

317 433 467 481 Magno
487 431 625 481 capite,
647 433 769 470 acutis
789 433 924 478 oculis,
947 445 1014 470 ore
1034 431 1265 477 rubicundo,
1286 431 1503 469 admodum
1546 444 1647 469 1220

318 496 475 544 Magnis
505 496 683 546 pedibus.
748 498 820 535 BA.
870 495 1091 543 Perdidisti,
1113 504 1324 545 postquam
1354 495 1482 534 dixisti
1511 496 1644 545 pedes,

317 561 537 598 Pseudolus
558 560 629 598 fuit
648 560 763 610 ipsus.
821 562 965 598 Actum
986 568 1044 598 est
1065 561 1114 598 de
1134 573 1222 607 me3
1251 559 1328 597 iam
1350 561 1503 607 morior,
1526 559 1645 599 Simo.

317 625 399 661 Ha.
459 626 606 663 Hercle
643 632 682 663 te
719 625 827 662 haud
864 624 990 662 sinam
1024 624 1167 672 moriri,
1197 623 1271 662 nisi
1309 623 1405 662 mihi
1442 631 1647 674 argentum

425 690 611 737 redditur,

253 771 302 795 115
321 753 474 804 Uiginti
494 754 633 793 minae.
709 755 761 793 S1.
812 756 944 804 Atque
974 753 1090 792 etiam
1112 753 1207 791 mihi
1227 753 1325 791 aliae
1345 752 1484 803 uiginti
1505 752 1647 791 minae.

321 819 392 856 BA.
450 819 624 856 Auferen
661 825 702 856 tu
740 817 781 856 id
819 817 1035 867 praemium
1075 831 1098 856 a
1135 831 1210 864 me,
1241 818 1350 867 quod
1384 816 1545 866 promisi
1574 830 1652 866 per

427 883 590 920 iocum?
1550 891 1649 930 1225

321 948 373 986 SI.
433 949 495 986 De
520 947 695 997 inprobis
720 946 810 986 uiris
837 947 975 986 auferri
1001 947 1218 997 praemium
1244 955 1282 986 et
1309 948 1494 996 praedam
1524 947 1649 985 decet.

322 1015 391 1050 BA.
449 1013 594 1050 Saltem
625 1012 864 1062 Pseudolum
893 1011 988 1049 mihi
1018 1012 1151 1050 dedas.
1209 1012 1262 1050 S1.
1309 1011 1549 1050 Pseudolum
1577 1022 1652 1060 ego
1715 1007 1718 1009 ’

430 1075 573 1113 dedam
603 1075 703 1113 tibi?

323 1139 432 1188 Quid
462 1138 653 1189 deliquit?
692 1138 835 1185 dixine,
867 1139 917 1177 ab
946 1150 995 1177 eo
1024 1138 1094 1176 tibi
1123 1146 1165 1177 ut
1193 1151 1364 1184 caneres,
1394 1137 1601 1177 centiens?

254 1227 304 1244 120
324 1207 395 1243 BA.
451 1204 625 1242 Perdidit
655 1216 728 1242 me.
819 1205 872 1241 S1.
939 1205 992 1241 At
1022 1216 1084 1241 me
1114 1202 1252 1253 uiginti
1281 1203 1446 1241 modicis
1474 1201 1654 1241 multauit

431 1268 558 1307 minis.

324 1335 394 1371 BA.
436 1333 544 1382 Quid
572 1345 679 1370 nunc
707 1332 878 1370 faciam?
935 1333 1016 1369 HA.
1059 1330 1098 1370 Si
1128 1331 1223 1368 mihi
1252 1338 1456 1381 argentum
1485 1329 1652 1376 dederis,

431 1403 470 1434 te
500 1395 740 1445 suspendito.
1554 1406 1655 1441 1230

325 1463 397 1499 BA.
448 1459 501 1499 Di
534 1468 572 1498 te
606 1461 795 1510 perdant!
851 1460 1023 1508 Sequere
1057 1458 1109 1497 sis
1141 1471 1205 1497 me
1238 1471 1330 1508 ergo
1363 1459 1415 1497 ad
1452 1458 1579 1496 forum
1613 1464 1655 1496 ut

433 1527 596 1564 soluam.
672 1526 753 1562 HA.
813 1525 976 1573 Sequor.

327 1593 383 1630 SI.
431 1592 537 1640 Quid
557 1591 660 1640 ego?
713 1591 789 1627 Ba.
824 1591 1052 1640 Peregrinos
1073 1589 1300 1636 absoluam3
1329 1601 1412 1626 cras
1433 1601 1546 1638 agam
1566 1600 1656 1626 cum

435 1655 596 1693 ciuibus.

329 1720 547 1758 Pseudolus
575 1718 673 1756 mihi
701 1718 917 1756 centuriata
946 1717 1083 1756 habuit
1111 1716 1251 1766 capitis
1279 1715 1450 1763 comitia,

261 1806 310 1830 125
330 1784 408 1834 Qui
434 1785 554 1822 illunc
580 1784 631 1822 ad
659 1797 722 1822 me
748 1784 866 1822 hodie
891 1783 1100 1833 adlegauit‚
1122 1782 1322 1820 mulierem
1343 1781 1411 1831 qui
1430 1782 1654 1820 abduceret.

329 1851 501 1899 Sequere
550 1857 602 1886 tu.
673 1850 792 1886 Nunc
838 1861 888 1886 ne
937 1847 1183 1897 exspectetis,
1232 1848 1327 1884 dum
1373 1847 1447 1884 hac
1493 1847 1656 1884 domum

437 1915 595 1952 redeam
623 1913 697 1952 uia.
1556 1922 1654 1961 1235

332 1981 395 2018 Ita
422 1993 482 2018 res
511 1986 618 2029 gesta
649 1986 728 2017 est:
767 1977 971 2027 angiporta
1001 1984 1150 2015 certum
1180 1984 1238 2014 est
1267 1974 1539 2014 consectarier.

330 2047 412 2084 Ha.
471 2044 510 2082 Si
538 2044 739 2093 graderere
769 2049 920 2080 tantum
949 2046 1132 2090 quantum
1162 2041 1331 2089 loquere,
1363 2039 1440 2077 iam
1474 2052 1578 2077 esses
1607 2040 1659 2078 ad

439 2110 576 2146 forum.

332 2176 408 2214 Ba.
465 2174 625 2212 Certum
663 2179 722 2211 est
755 2171 850 2209 mihi
881 2172 985 2209 hunc
1016 2170 1271 2209 emortualem
1301 2170 1428 2207 facere
1463 2182 1509 2207 ex
1538 2169 1658 2208 natali

440 2238 513 2276 die.
