1747 2620
127 122 145 159 1
172 135 202 168 1,
230 120 454 174 104—130]
601 122 966 162 PSEUDOLUS.
1159 109 1162 112 ’
1427 139 1449 174 9

123 226 214 266 Tibi
243 227 491 266 inuenturum
521 240 606 266 esse
634 227 819 265 auxilium
847 227 1116 277 argentarium.

59 309 106 334 ως
125 290 245 340 Atqui
274 290 314 329 id
343 292 515 328 futurum
545 292 650 329 unde
680 291 809 329 dicam
838 291 984 337 nescio,

124 352 211 391 Nisi
240 353 331 402 quia
358 354 527 392 futurum
557 362 638 402 est3
677 355 731 392 ita
759 354 1009 404 supercilium
1039 352 1135 394 salit.

125 418 196 456 CA.
257 418 431 465 Utinam,
464 431 563 468 quae
593 417 699 464 dicis,
731 417 845 456 dictis
873 419 976 456 facta
1004 426 1222 468 suppetant.

125 483 187 521 Ps.
246 481 328 521 Scis
356 490 398 520 tu
428 482 587 531 quidem
616 482 756 525 hercle,
787 495 875 520 mea
903 483 934 520 si
963 483 1149 521 conmoui
1178 496 1297 529 sacra,
1377 496 1450 520 110

123 547 216 596 Quo
245 554 362 597 pacto
391 554 432 586 et*
459 554 623 596 quantas
653 548 801 585 soleam
830 548 1016 585 turbellas
1045 547 1148 586 dare.

57 631 105 648 no
123 613 196 651 CA.
255 613 301 649 In
332 619 370 650 te
399 625 504 649 nunc
533 624 671 651 omnes
700 624 788 661 spes
818 619 908 650 sunt
936 611 1054 650 aetati
1082 624 1203 651 meae.

124 679 186 715 PS.
232 677 355 716 -Satin
386 684 454 723 est,
486 675 518 714 si
546 677 648 714 hanc
677 676 795 715 hodie
823 675 1025 715 mulierem
1055 676 1191 715 ecficio
1219 676 1290 716 tibi

121 744 211 781 Tua
238 750 280 781 ut
309 742 358 780 sit
386 749 452 780 aut
482 743 513 780 si
543 742 612 780 tibi
641 742 694 780 do
722 741 861 792 uiginti
890 743 1045 780 minas?

123 808 195 847 CA.
254 806 364 853 Satis,
398 806 429 844 si
459 808 675 845 futurumst.
755 809 818 846 Ps.
878 808 993 856 Roga
1023 820 1087 846 me
1116 805 1253 857 uiginti
1284 807 1421 852 minas,

123 872 180 910 Ut
209 884 272 910 me
301 872 538 909 ecfecturum
567 870 638 909 tibi
667 871 775 920 quod
804 870 967 920 promisi
995 871 1105 910 scias.
1377 873 1449 908 116

56 956 103 980 115
124 937 237 986 Roga
267 937 430 974 obsecro
461 936 615 984 hercle;
652 935 777 985 gestio
807 936 1045 984 promittere.

123 1001 195 1039 CA.
253 1000 431 1038 Dabisne
460 1001 608 1049 argenti
641 999 736 1037 mihi
766 1000 885 1039 hodie
915 999 1052 1050 uiginti
1083 999 1237 1050 minas?

122 1052 186 1103 ff.
245 1066 385 1111 Dabo3
423 1066 611 1104 molestus
641 1078 747 1103 nunc
777 1064 854 1103 iam
884 1078 935 1104 ne
965 1066 1016 1103 sis
1047 1065 1154 1104 mihi.

121 1131 253 1179 Atque
282 1130 369 1178 hoc,
403 1142 452 1168 ne
484 1129 633 1167 dictum
664 1129 735 1168 tibi
767 1143 896 1180 neges,
929 1129 1019 1168 dico
1049 1130 1179 1180 prius:
1378 1144 1450 1168 120

123 1194 162 1233 Si
192 1194 390 1232 neminem
417 1192 535 1231 alium
568 1201 717 1243 potero,
750 1201 863 1232 tuum
894 1201 1052 1243 tangam
1082 1201 1242 1244 patrem.

56 1279 104 1296 120
123 1260 193 1298 CA.
255 1258 307 1296 Di
337 1266 374 1296 te
405 1257 499 1295 mihi
531 1270 685 1307 semper
715 1262 896 1297 seruent!
933 1272 1070 1297 uerum
1102 1259 1134 1297 si
1164 1255 1305 1309 potest,

124 1321 282 1360 Pietatis
312 1334 430 1360 causa
460 1322 524 1359 uel
555 1320 673 1359 etiarn
703 1329 867 1360 matrem
898 1335 1066 1372 quoque.

123 1388 187 1425 Ps.
246 1388 310 1425 De
339 1386 434 1424 istac
463 1399 504 1424 re
535 1385 575 1423 in
605 1386 764 1424 oculum
794 1386 984 1425 utrumuis
1015 1387 1296 1437 conquiescito.

123 1452 195 1491 CA.
255 1451 398 1489 Utrum
427 1451 584 1488 oculum
617 1439 720 1488 anne
753 1451 916 1488 aurem?
982 1451 1044 1489 Ps.
1103 1453 1156 1489 At
1189 1451 1265 1489 hoc
1298 1443 1449 1501 peruol-

229 1523 363 1565 garum
392 1522 450 1553 est
479 1514 617 1552 minus.
1377 1528 1446 1566 125

124 1582 244 1619 Nunc
271 1592 322 1618 ne
351 1578 436 1628 quis
467 1575 615 1617 dietu'm
645 1579 716 1618 sibi
746 1588 873 1630 neget,
908 1579 999 1619 dico
1029 1581 1212 1619 omnibus

59 1663 104 1686 125
125 1646 234 1682 Pube
262 1642 457 1693 praesenti
485 1642 524 1680 in
556 1643 752 1690 contione,
785 1643 894 1682 omni
921 1645 1053 1694 poplo,

125 1710 321 1750 Omnibus
351 1707 486 1746 amicis
516 1707 698 1757 notisque
728 1707 842 1762 edico
871 1708 979 1756 meis,

96 1778 104 1781 “
123 1776 172 1813 In
201 1775 305 1812 hunc
336 1773 441 1812 diem
472 1786 494 1810 a
523 1786 587 1811 me
617 1780 659 1811 ut
689 1780 866 1819 caueant,
899 1786 950 1812 ne
979 1774 1142 1813 credant
1172 1774 1276 1813 mihi.

124 1841 195 1879 CA.
252 1841 305 1886 St,
349 1846 435 1877 tace
477 1839 641 1876 obsecro
685 1838 825 1876 hercle.
896 1839 964 1875 Ps.
1038 1838 1144 1886 Quid
1188 1839 1320 1890 negoti
1364 1831 1452 1878 est?

230 1905 302 1943 CA.
361 1902 517 1942 Ostium
1377 1917 1450 1952 130

124 1967 296 2007 Lenonis
325 1967 485 2017 crepuit.
562 1968 626 2005 ΡΞ.
684 1967 806 2006 Crura
833 1968 1040 2005 mauellem
1069 1968 1200 2006 modo.

55 2052 106 2076 130
125 2034 195 2073 CA.
253 2034 384 2082 Atque
412 2032 498 2082 ipse
528 2030 724 2082 egreditur
752 2031 869 2078 intus,
900 2031 1098 2081 periurum
1127 2039 1255 2081 caput.
