1747 2620
263 143 313 177 42
741 125 1103 166 PSEUDOLUS.
1261 121 1345 175 [ΙΙΙ
1369 136 1401 169 2,
1425 123 1583 172 63-94

263 231 347 270 Nisi
375 229 545 269 miluinis
573 236 639 267 aut
667 227 847 277 aquilinis
875 224 1060 276 ungulis?

259 296 336 333 Ba.
393 296 456 332 An
486 301 527 331 tu
556 293 812 341 coquinatum
840 299 878 329 te
907 290 961 328 ire
990 301 1188 339 quoquam
1218 289 1403 338 postulas,

211 371 244 401 65
262 359 366 407 Quin
395 357 448 396 ibi
477 357 696 395 constrictis
725 356 876 405 ungulis
905 368 1043 394 cenam
1072 356 1247 404 coquas?

261 423 378 460 Nunc
406 421 506 458 adeo
536 427 587 466 tu,
620 420 686 469 qui
716 432 826 457 meus
855 431 907 465 es,
939 419 1017 456 iam
1046 417 1159 456 edico
1189 416 1269 464 tibi,

261 487 319 525 Ut
346 492 477 523 nostra
506 497 691 533 properes
720 481 871 521 amoliri
900 482 990 520 hinc
1020 480 1163 527 omnia,
1503 481 1581 518 860

259 551 364 587 Tum
394 555 436 586 ut
464 549 576 585 huius
605 548 740 591 oculos
769 546 809 584 in
838 545 960 585 oculis
990 546 1136 583 habeas
1165 544 1251 583 tuis.

262 615 433 663 Quoquo
461 612 525 650 hic
553 611 756 661 spectabit,
788 624 836 650 eo
864 618 906 649 tu
935 617 1111 659 spectato
1140 609 1278 658 simul3

214 696 246 718 70
262 679 301 718 Si
330 691 409 727 quo
437 677 500 716 hic
527 677 732 728 gradietur,
763 676 907 726 pariter
932 681 974 713 tu
1003 674 1317 725 progredimino;

262 744 428 781 Manum
458 742 489 780 si
518 742 712 791 protollet‚
743 740 886 790 pariter
912 741 1082 789 proferto
1111 752 1280 777 manum.

260 809 379 847 Suum
409 806 441 844 si
469 806 562 856 quid
593 813 731 853 sumet,
760 805 800 844 id
829 813 871 843 tu
899 804 1014 843 sinito
1043 816 1217 852 sumere3
1506 802 1580 851 065

261 870 301 910 Si
329 878 504 909 nostrum
535 878 672 916 sumet,
703 877 744 907 tu
774 876 907 907 teneto
937 868 1176 906 altrinsecus

261 935 301 974 Si
329 935 401 973 iste
430 933 510 980 ibit,
541 934 596 972 ito
611 948 622 981 3
662 933 788 981 stabit,
819 935 973 971 adstato
1003 933 1140 979 simu13

213 1014 244 1036 75
263 998 300 1038 Si
329 998 609 1048 conquiniscet,
638 997 725 1036 istic
754 995 1052 1046 conquiniscito.

263 1063 364 1101 Item
394 1062 453 1100 his
482 1062 679 1111 discipulis
709 1062 839 1111 priuos
868 1061 1055 1099 custodes·
1081 1061 1196 1099 dabo.

263 1128 336 1166 Co.
394 1128 512 1165 Habe
552 1128 673 1165 modo
715 1128 863 1165 bonum
905 1126 1091 1163 animum.
1191 1125 1260 1162 BA.
1319 1124 1476 1173 Quaeso
1518 1120 1585 1172 qui

367 1204 538 1240 possum,
570 1192 679 1237 doce,
1509 1190 1585 1235 870

263 1257 420 1293 Bonum
448 1256 623 1293 animum
653 1255 806 1302 habere,
835 1254 902 1304 qui
932 1261 970 1292 te
998 1255 1050 1292 ad
1079 1266 1142 1292 me
1170 1247 1586 1291 adducam'domum?

263 1320 334 1358 CO.
394 1318 497 1368 Quia
525 1318 737 1357 sorbitione
766 1320 905 1356 faciam
935 1331 1008 1368 ego
1037 1317 1154 1356 hodie
1183 1324 1222 1356 te
1250 1329 1338 1355 mea

213 1394 245 1418 30
265 1384 365 1420 Item
394 1391 436 1420 ut
466 1383 613 1421 Medea
642 1384 789 1421 Peliam
819 1382 1001 1420 concoxit
1029 1395 1176 1428 senem,

264 1447 392 1495 Quem
422 1445 711 1484 medicamento
740 1453 778 1484 et
807 1446 885 1484 suis
914 1445 1076 1484 uenenis
1105 1445 1245 1484 dicitur

263 1510 420 1549 Fecisse
448 1523 576 1549 rursus
605 1524 651 1548 ex
680 1523 772 1549 sene
801 1511 1138 1549 adulescentulum
1153 1524 1163 1558 3
1510 1510 1584 1559 875

264 1576 367 1613 Item
397 1587 469 1624 ego
498 1582 536 1613 te
566 1575 716 1612 faciam.
793 1576 864 1612 ΒΑ.
923 1575 1021 1621 Eho,
1053 1587 1103 1612 an
1132 1574 1250 1612 etiam
1279 1572 1517 1612 ueneficu’s?

264 1641 337 1679 Co.
396 1640 525 1677 Immo
555 1640 696 1688 edepol
724 1651 817 1677 uero
846 1638 1050 1677 hominum
1079 1646 1262 1677 seruator.
1320 1639 1389 1676 BA.
1431 1638 1568 1684 Ehem,

214 1718 247 1748 85
266 1704 414 1753 Quanti
442 1703 541 1742 istuc
569 1717 690 1742 unum
720 1717 783 1742 me
811 1703 1023 1752 coquinare
1050 1703 1269 1753 perdoces?

265 1770 339 1808 Co.
397 1767 533 1816 Quid?
588 1770 657 1806 BA.
699 1769 756 1807 Ut
785 1775 824 1807 te
852 1781 1014 1814 semem,
1045 1780 1095 1806 ne
1125 1767 1218 1816 quid
1248 1766 1451 1817 subrupias
1479 1766 1584 1804 mihi.

265 1835 338 1873 Co.
397 1833 436 1872 Si
464 1832 600 1879 credis,
631 1846 818 1880 nummo3
857 1832 888 1871 si
917 1846 1008 1879 non,
1037 1845 1088 1870 ne
1117 1832 1223 1870 mina
1252 1832 1421 1882 quidem.
1510 1833 1586 1870 880

264 1899 341 1937 Sed
370 1906 499 1937 utrum
528 1906 569 1936 tu
597 1898 732 1936 amicis
762 1897 879 1936 hodie
907 1910 957 1935 an
986 1896 1153 1935 inimicis
1181 1896 1256 1935 tuis

266 1964 448 2002 Daturu’s
477 1965 646 2002 cenam?
717 1964 794 2001 Ba.
853 1963 924 2001 Pol
953 1975 1026 2013 ego
1053 1962 1188 2001 amicis
1217 1961 1372 2002 scilicet.

214 2044 247 2068 90
272 2028 333 2066 Co.
391 2027 498 2076 Quin
527 2035 614 2066 tuos
643 2027 821 2066 inimicos
850 2027 980 2077 potius
1009 2040 1126 2076 quam
1155 2026 1302 2065 amicos
1330 2028 1479 2066 uocas?

267 2093 370 2129 Nam
399 2104 473 2141 ego
501 2091 555 2130 ita
583 2091 760 2130 conuiuis
789 2104 927 2130 cenam
956 2091 1155 2130 conditam
1183 2091 1288 2130 dabo

267 2153 403 2192 Hodie
431 2162 548 2203 atque
575 2153 630 2192 ita
658 2153 769 2192 suaui
798 2153 989 2192 suauitate
1016 2152 1227 2192 condiam:
1512 2154 1587 2202 885

266 2220 324 2258 Ut
352 2218 518 2268 quisque
546 2217 721 2268 quidque
750 2218 953 2257 conditum
982 2217 1204 2268 gustauerit,

267 2283 382 2333 Ipsus
410 2283 484 2322 sibi
512 2282 651 2322 faciam
680 2290 721 2322 ut
749 2282 891 2334 digitos
919 2283 1129 2333 praerodat
1156 2294 1257 2321 suos.
