1747 2620
122 139 139 175 1
164 150 197 183 2,
220 134 394 187 61—82]
603 135 961 174 PSEUDOLUS.
1400 146 1444 182 13

119 240 191 280 CA.
248 237 390 284 Audin,
420 238 572 276 furcifer
600 251 701 287 quae
730 237 928 286 loquitur?
978 236 1086 276 Satin
1117 236 1345 287 magnificus
1375 236 1446 275 tibi

224 304 407 341 uidetur?

118 369 181 406 Ps.
239 368 311 406 Pol
340 367 422 412 iste,
454 374 571 416 atque
600 366 717 405 etiam
747 367 960 414 malificus5

117 434 193 472 Sed
222 439 308 471 tace
337 440 454 482 atque
482 433 584 470 hanc
610 445 703 483 rems
719 444 821 482 gere.
1371 443 1442 481 195

117 499 188 535 BA.
246 497 530 544 Aeschrodora,
570 503 612 534 tu
649 485 749 545 quae
787 494 935 534 amicos
973 495 1044 534 tibi
1090 497 1211 535 habes
1256 497 1444 534 lenonum

222 563 398 600 aemulos

65 639 96 669 65
117 624 272 672 Lanios,
299 624 366 674 qui
392 625 486 663 item
513 631 554 662 ut
582 637 654 662 nos
682 624 848 663 iurando
875 623 957 662 iure
988 624 1091 662 malo
1121 625 1224 662 male
1253 632 1445 673 quaerunt

18 679 19 686 ἵ
221 703 315 736 rem,
346 689 463 728 audi:

118 753 202 792 Nisi
230 753 404 805 carnaria
432 752 502 791 tria
529 752 693 802 grauida
720 752 918 802 tegoribus
948 765 1068 791 onere
1096 752 1207 791 uberi
1235 753 1355 792 hodie

117 819 217 857 Mihi
244 826 365 866 erunt,
387 831 470 857 cras
495 825 545 866 te,
570 817 682 867 quasi
711 818 871 856 Dircam
899 817 1003 864 olim,
1035 825 1077 855 ut
1103 825 1336 865 memorant,
1365 817 1444 856 duo

220 883 328 933 gnati
358 881 465 920 Iouis

117 947 337 987 Deuinxere
358 947 407 985 ad
428 956 592 994 taurum,
613 945 707 984 item
728 959 802 996 ego
822 953 860 984 te
881 945 1110 995 distringam
1130 947 1181 984 ad
1202 946 1416 984 carnarium
1434 961 1444 992 3

117 1013 166 1051 Id
195 1012 264 1051 tibi
292 1013 468 1062 profecto
497 1019 629 1050 taurus
661 1012 737 1050 fiet.
824 1012 896 1051 CA.
955 1011 1083 1049 Nimis
1117 1023 1297 1050 sermone
1331 1011 1445 1049 huius

136 1061 184 1073 N
220 1077 277 1115 ira
304 1077 505 1115 incendor.
757 1113 762 1115 ,
1141 1085 1143 1087 ’
1369 1089 1440 1113 201

16 1162 21 1184 ς
66 1163 96 1187 70
116 1145 178 1181 Ps.
237 1142 427 1180 Huncine
454 1142 519 1180 hic
546 1140 746 1180 hominem
775 1140 857 1190 pati

16 1204 17 1211 ¹
96 1198 255 1246 'Colere
283 1207 526 1245 iuuentutem
556 1205 759 1243 Atticam?

116 1270 196 1309 Ubi
230 1276 329 1316 sunt,
363 1268 430 1307 ubi
464 1270 586 1307 latent
617 1268 761 1317 quibus
793 1275 900 1306 aetas
931 1267 1080 1318 integra
1111 1276 1180 1316 est,
1213 1268 1280 1319 qui
1311 1278 1444 1307 amant

221 1347 243 1372 a
271 1334 444 1372 lenone?

115 1398 220 1447 Quin
254 1396 528 1437 conueniunt?
564 1397 656 1447 quin
697 1409 775 1435 una
814 1410 952 1436 omnes
990 1405 1101 1447 peste
1139 1398 1214 1436 hac
1252 1399 1444 1448 populum

219 1461 324 1498 hunc
352 1460 548 1499 liberant?
1369 1474 1442 1511 205

114 1524 191 1562 Sed
219 1524 335 1561 nimis
365 1537 450 1562 sum
479 1526 630 1570 stultus,
661 1524 777 1563 nimis
805 1524 861 1563 fui

64 1608 95 1632 75
116 1588 330 1636 Indoctus;
368 1588 474 1627 iHine
503 1590 675 1627 audeant
705 1589 745 1628 id
773 1590 914 1637 facere,
945 1588 1087 1639 quibus
1117 1597 1160 1628 ut
1189 1590 1360 1629 seruiant

115 1653 215 1691 Suus
241 1665 351 1690 amor
375 1652 511 1702 †cogit
524 1667 536 1701 3
566 1653 681 1691 simul
710 1653 936 1702 prohibebit
963 1653 1107 1692 faciant
1133 1655 1347 1693 aduorsum
1377 1668 1444 1694 eos

220 1716 329 1764 quod
357 1717 495 1755 solent.

114 1780 186 1819 CA.
235 1781 356 1818 Tace.
413 1782 476 1818 Ps.
527 1780 749 1834 Quid-est?
805 1782 877 1821 CA.
930 1782 1037 1820 Male
1066 1782 1160 1820 facis
1187 1782 1293 1829 mihi,
1322 1796 1443 1833 quom

220 1843 390 1882 sermoni
420 1844 533 1883 huius
563 1847 747 1884 obsonas.

115 1910 177 1946 Ps.
226 1910 371 1948 Taceo.
444 1910 515 1949 CA.
570 1912 623 1947 At
652 1917 782 1948 taceas
812 1911 917 1948 malo
947 1911 1071 1950 multo
1100 1925 1218 1961 quam
1249 1919 1377 1951 tacere
1406 1922 1444 1952 te

220 1979 408 2012 autumes.
1369 1991 1443 2014 210

115 2039 182 2074 BA.
242 2037 415 2086 Xyssslis,
449 2038 510 2074 fac
548 2044 590 2075 ut
628 2037 801 2076 animum
841 2039 1037 2086 aduortas,
1072 2040 1214 2090 quoius
1251 2049 1443 2080 amatores

220 2100 314 2138 oliui

14 2151 15 2154 Ἴ
65 2177 97 2201 80
117 2163 313 2216 Dyn‘amin
342 2163 451 2202 domi
480 2164 628 2203 habent
657 2178 905 2205 maxumam:

14 2230 15 2235 ’
116 2227 156 2266 Si
184 2227 278 2266 mihi
307 2241 386 2266 non
416 2228 493 2266 iam
522 2230 599 2266 huc
628 2230 763 2268 culleis

117 2291 259 2330 Oleum
288 2292 534 2341 deportatum
564 2292 646 2340 erit,
677 2287 683 2290 ’

223 2384 258 2408 A.
277 2382 310 2409 Ρ.
1311 2391 1333 2429 3
