1747 2620
506 134 783 173 CRJTJCAL
821 133 1147 172 APPENDIX.
1411 148 1484 185 133

163 237 224 280 369
241 237 411 279 prehibcre
428 237 459 268 B
547 247 608 277 370
624 237 769 278 inpertus
786 246 857 267 sum
944 237 1138 278 ingerrimus
1158 236 1186 268 C
1271 236 1368 268 docta
1384 238 1417 269 B

163 300 220 332 37¹
243 292 339 322 Nunc
354 291 432 332 quid
450 290 549 321 alium
567 290 630 321 BC
727 290 820 321 Haec
838 313 845 321 .
867 312 874 319 .
892 289 925 320 id
942 291 985 328 A,
1006 290 1100 331 ecqui
1117 290 1183 321 BC
1274 300 1333 331 372
1352 291 1424 322 Ten
1440 293 1484 327 A,

162 347 210 378 Te
227 346 291 378 BC
377 355 439 386 373
456 345 520 377 Sed
537 345 602 376 BC
687 344 775 375 dicta
788 344 915 375 dixistis
1012 344 1092 375 mihi
1110 343 1174 375 BC
1269 352 1330 384 374
1345 344 1408 376 huc
1423 356 1484 375 om.

161 402 226 432 BC
343 400 440 431 mites
549 408 608 440 375
626 408 753 430 summa
770 421 778 429 .
796 398 805 429 i
822 398 866 434 A,
883 408 1019 429 summae
1036 397 1078 434 B,
1095 408 1222 429 summe
1241 398 1270 429 C
1384 398 1444 438 376
1460 399 1486 429 is

161 465 227 485 non
244 454 348 485 aderit
364 454 429 485 BC
513 463 566 484 me
581 463 643 483 om.
661 453 724 484 Bc
813 460 871 492 377
889 462 989 492 quom
1005 451 1038 482 B
1124 451 1322 493 perdiderim
1337 452 1404 483 BC

161 510 223 549 378
239 518 348 539 meum
365 512 413 539 est
429 506 572 538 officium
586 506 652 537 BC
733 515 766 536 m
781 527 789 535 .
802 528 809 535 .
823 528 831 535 .
843 506 886 543 A,
905 515 966 546 ego
983 505 1049 536 BC
1125 515 1226 547 opera
1241 507 1272 536 A
1358 514 1420 547 379
1437 511 1485 537 est

161 562 249 603 quod
266 562 331 593 BC
459 562 521 601 380
541 559 703 591 sententia
724 564 827 590 meast
843 560 874 590 A
1009 559 1155 600 postulas
1171 561 1202 590 A
1328 562 1386 600 381
1411 560 1483 592 CA.

160 627 222 648 om.
245 616 274 648 C
358 615 451 647 hahis
468 614 590 656 negotii
605 614 672 646 BC
752 624 839 645 nunc
851 625 913 645 om.
933 614 962 646 C
1040 615 1078 645 B.
1096 614 1195 655 paulo
1214 615 1244 646 C
1322 617 1381 656 383
1399 615 1485 646 simi-

161 670 235 702 liter
250 681 311 712 ego
327 670 418 701 illum
436 670 500 701 BC
611 673 794 699 murtenam
814 668 843 699 C
948 677 1097 709 quoquos
1112 669 1190 704 AB,
1205 669 1346 710 quoquis
1365 670 1393 700 C

163 726 223 764 384
241 724 306 755 Sed
323 734 408 754 nunc
424 723 491 754 BC
574 723 738 755 Caludore
754 724 785 753 A
858 733 993 764 operam
1010 722 1090 753 mihi
1108 728 1139 754 te
1155 723 1219 754 BC
1287 723 1366 764 quid
1383 724 1418 754 Β

163 776 225 818 386
241 788 315 809 usus
331 783 378 808 est
393 778 422 808 A
548 775 718 807 hominem
733 781 877 807 astutum
893 777 1027 807 doctum
1149 777 1267 808 scitum
1283 785 1315 808 et
1331 777 1486 808 callidum

161 832 226 862 BC
312 832 372 871 387
389 830 527 872 imperat
543 831 624 862 haec
641 830 726 862 facta
746 831 775 862 C
874 832 935 872 388
952 837 998 862 est
1019 832 1082 862 BC
1179 832 1323 873 tempori
1338 832 1403 863 BC

163 894 226 928 390
240 885 347 916 adhuc
363 885 429 916 BC
512 885 594 916 scito
615 885 650 923 C,
671 885 819 916 celeriter
834 886 865 916 A
956 895 1014 926 391
1035 885 1106 917 CA.
1123 896 1183 917 om.
1275 886 1369 917 multi
1384 887 1416 917 A

161 945 248 970 certe
263 938 319 979 qui
336 939 367 970 A
436 949 496 981 392
514 938 553 971 C.
572 939 645 980 Ego
715 939 821 970 istunc
837 950 915 980 ergo
931 941 975 976 A,
992 940 1076 970 istuc
1094 940 1128 970 Ρ.
1146 951 1224 981 ergo
1239 941 1304 971 BC
1375 940 1486 972 utrim-

161 1003 225 1033 que
240 993 305 1023 BC
389 993 552 1024 delectum
568 994 599 1024 A
691 1003 751 1035 393
769 994 880 1034 Atque
892 998 964 1034 post
978 993 1089 1024 multis
1098 995 1198 1034 ponit
1213 995 1257 1029 A,
1274 1004 1334 1026 om.
1355 995 1420 1026 BC

163 1047 226 1078 iilis
238 1047 351 1078 amicis
369 1049 399 1078 A
501 1053 622 1079 certust
638 1048 719 1078 cedo
731 1050 763 1079 A
867 1057 928 1089 394
946 1049 1018 1079 CA.
1036 1059 1098 1080 om.
1120 1049 1147 1080 C
1244 1050 1307 1081 PS.
1327 1060 1388 1081 om.

229 1111 288 1142 397
306 1101 361 1132 ubi
378 1106 450 1133 sunt
467 1102 526 1133 ea?
625 1103 685 1143 398
703 1102 768 1142 Qui
785 1103 850 1134 BC
945 1103 1033 1142 Quoi
1050 1113 1110 1134 nee
1127 1103 1231 1144 parati
1248 1109 1296 1135 est
1312 1105 1486 1145 quicquam

163 1156 242 1186 certi
263 1155 378 1186 consili
404 1157 448 1192 A,
476 1156 533 1187 ubi
553 1157 703 1197 sequitur
722 1166 847 1187 versus:
871 1157 988 1198 Neque
1012 1157 1096 1188 adeo
1120 1157 1246 1198 argenti
1271 1168 1377 1199 neque
1401 1169 1487 1189 nunc

163 1208 241 1249 quid
260 1208 377 1239 faciam
393 1209 469 1240 scio.
542 1219 603 1250 399
621 1209 762 1250 accipias
778 1210 900 1240 habeas
919 1210 947 1240 C
1010 1221 1070 1250 401
1090 1211 1217 1241 tabulas
1233 1211 1383 1252 concepit
1404 1212 1432 1243 C

164 1271 224 1300 402
242 1261 268 1292 si
283 1262 430 1302 gentium
447 1262 520 1298 BC,
536 1263 683 1303 gentium
700 1268 747 1293 est
764 1265 794 1294 A
884 1263 1027 1304 repperit
1042 1263 1108 1294 BC
1192 1273 1254 1304 403
1273 1265 1365 1296 Fecit
1379 1265 1413 1296 B

163 1326 226 1355 404
243 1316 351 1346 minae
366 1316 432 1348 BC
531 1327 592 1357 405
610 1327 696 1347 nunc
712 1327 872 1357 nusquam
889 1318 919 1347 A
1032 1327 1092 1358 407
1110 1318 1156 1349 At
1265 1318 1408 1359 incipere
1425 1320 1488 1351 BC

249 1380 312 1411 409
328 1370 567 1410 eonprimunda
582 1380 645 1401 uox
663 1370 744 1401 mihi
759 1376 858 1411 atque
874 1371 979 1402 oratio
996 1377 1044 1402 est
1060 1372 1091 1402 A
1181 1381 1245 1411 410
1260 1382 1373 1403 uerum
1393 1373 1421 1404 C

163 1434 221 1463 411
242 1423 353 1463 Quom
370 1424 411 1462 Β,
432 1434 529 1465 quem
549 1425 578 1455 C

229 1478 345 1510 SIMO
369 1478 613 1510 CALLIPHO
637 1479 918 1512 PSEUDOLUS
964 1481 996 1511 A
1162 1516 1163 1519 Ἴ

164 1543 225 1573 415
243 1540 298 1565 aut
313 1534 355 1565 de
371 1534 437 1565 BC
543 1536 604 1575 418
621 1534 693 1565 solu
709 1535 741 1566 Β
850 1545 1000 1565 sermone
1016 1540 1063 1566 est
1079 1526 1230 1568 omnibus
1246 1537 1312 1568 BC
1424 1547 1482 1576 421

164 1589 277 1628 Atque
292 1587 355 1622 hoc
370 1589 401 1618 A
492 1592 524 1619 et
540 1599 601 1619 om.
622 1589 651 1620 C
724 1588 853 1620 subolet
870 1589 936 1620 BC
1017 1600 1078 1629 4²2
1096 1601 1158 1621 om.
1174 1591 1239 1622 BC
1318 1601 1380 1631 4²4
1397 1590 1485 1630 Quin

164 1648 384 1672 commeatum
485 1642 576 1672 uolui
685 1652 746 1683 425
765 1652 846 1683 opsa
862 1642 1024 1682 eptastula
1040 1643 1104 1674 BC
1210 1642 1273 1684 426
1290 1644 1363 1675 CA.
1380 1654 1441 1674 om.
1462 1644 1490 1675 C

164 1696 312 1726 sauribus
331 1696 363 1726 Β
450 1706 513 1736 430
529 1696 609 1728 istae
629 1698 658 1728 C
750 1708 811 1737 432
831 1698 981 1728 Forsitan
997 1707 1036 1728 ea
1051 1697 1111 1728 tibi
1126 1698 1191 1729 BC
1283 1704 1357 1729 sunt
1377 1699 1405 1729 C
1471 1722 1477 1727 ,

164 1760 226 1791 433
243 1761 281 1781 ea
297 1760 375 1780 uero
391 1756 466 1781 sunt
482 1751 548 1782 BC
633 1761 704 1782 mos
719 1762 780 1783 om.
801 1752 830 1782 C
914 1762 1066 1783 maxume
1083 1752 1141 1783 tibi
1158 1752 1344 1784 renuntiant
1360 1754 1391 1783 A

164 1814 227 1844 434
243 1814 343 1834 noum
358 1805 389 1834 A
479 1813 539 1845 435
559 1805 621 1837 PS.
640 1816 702 1836 om.
724 1807 752 1837 C
841 1806 903 1846 436
921 1805 1019 1846 nequi
1035 1811 1068 1836 at
1084 1806 1172 1837 enirn
1189 1816 1288 1847 quam
1303 1808 1334 1836 A
1424 1816 1487 1846 44²

164 1869 206 1889 ne
222 1865 255 1890 tu
272 1858 382 1889 mirari
469 1871 532 1899 444
549 1865 641 1901 pater
656 1871 716 1892 om.
736 1861 803 1892 BC
887 1871 973 1902 equo
1065 1871 1126 1901 445
1146 1860 1181 1892 Si
1197 1861 1269 1902 quis
1284 1861 1351 1892 BC
1434 1861 1487 1891 hic

164 1919 212 1944 est
314 1913 377 1954 446
395 1914 562 1945 Scelerum
578 1920 675 1956 caput
691 1915 744 1946 hic
761 1915 904 1956 corrupit
921 1914 1001 1945 mihi
1019 1914 1121 1945 filium
1137 1916 1167 1946 A
1267 1924 1329 1955 447
1347 1915 1402 1946 ille

165 1968 228 2006 448
244 1966 431 2008 insipientia
448 1967 474 1998 si
491 1968 557 1998 BC
642 1978 706 2010 449
722 1969 809 2000 Iram
902 1975 1021 2010 proptu
1037 1969 1071 2000 B
1166 1978 1229 2008 450
1244 1979 1439 2010 exquaerere
1454 1970 1486 2000 A

250 2030 309 2061 451
331 2021 404 2053 Sint
420 2022 486 2053 BC
606 2033 728 2063 negnes
743 2023 864 2064 iniquae
878 2024 951 2061 BC,
971 2033 1048 2054 uera
1063 2033 1166 2054 necne
1181 2033 1265 2064 quae
1281 2024 1312 2054 A
1424 2033 1487 2063 452

165 2075 332 2108 dimidiust
349 2077 413 2108 BC
513 2086 575 2118 453
592 2077 784 2108 abscultabo
800 2078 833 2108 Β
933 2078 1007 2109 adie
1108 2088 1171 2118 454
1188 2079 1356 2109 aduersem
1377 2079 1406 2109 C

165 2130 227 2170 458
245 2130 298 2162 SI.
314 2140 363 2161 om
380 2130 412 2161 B
519 2130 577 2172 qui
592 2131 705 2162 ambas
723 2131 832 2161 ilicum
964 2141 1026 2172 459
1043 2131 1116 2162 CA.
1133 2142 1193 2162 om.
1213 2131 1248 2161 B
1359 2131 1422 2170 460
1439 2131 1487 2162 in-

165 2183 280 2214 noxius
367 2183 428 2224 466
447 2184 484 2215 C.
500 2184 534 2215 B
621 2183 683 2224 469
702 2185 770 2215 Fax
785 2185 818 2215 Β
905 2192 968 2224 470
984 2185 1069 2215 dicia
1084 2185 1118 2215 Β
1197 2194 1258 2224 472
1276 2184 1340 2215 iam
1356 2185 1420 2215 BC

166 2244 228 2275 473
245 2237 288 2268 id.
308 2247 367 2268 om.
389 2239 420 2268 A
523 2246 585 2278 475
604 2243 638 2268 tu
658 2239 685 2269 C
787 2246 847 2277 477
865 2248 980 2279 parum
997 2243 1045 2269 ste
1062 2238 1142 2270 fides
1243 2239 1316 2269 sino
1424 2240 1483 2279 481

166 2292 293 2321 Auorte
390 2291 471 2322 faxis
487 2292 655 2332 promissis
753 2293 814 2331 482
835 2292 869 2322 Ρ.
892 2292 980 2331 Quid
997 2292 1069 2323 ais?
1085 2292 1119 2324 S.
1138 2302 1275 2332 ecquam
1292 2293 1325 2323 B
1425 2303 1486 2324 nae

165 2354 223 2385 gar
239 2354 312 2375 mea
327 2348 375 2375 est
493 2355 558 2386 qua
573 2345 606 2375 B
721 2346 784 2385 484
801 2345 827 2376 C
845 2345 886 2383 Β,
905 2356 967 2376 om.
988 2346 1016 2376 C
1132 2345 1274 2377 Cetuton
1290 2345 1381 2377 kaito
1397 2346 1487 2377 itone
