1747 2620
163 136 393 185 14,17—5‚
419 133 485 186 25]
639 137 1006 176 PSEUDOLUS.
1444 152 1490 188 23

163 240 264 278 Cum
295 251 366 277 suo
395 238 526 277 uicino
557 240 792 289 Calliphone
822 240 1014 278 incedere.

163 304 222 340 Ex
251 304 326 341 hoc
355 305 533 352 sepulcro
562 311 694 342 uetere
723 304 858 354 uiginti
888 305 1013 343 minas

163 367 368 407 chodiam
398 381 471 417 ego
500 368 631 415 hodie,
662 382 759 417 quas
789 369 879 407 dem
910 369 990 407 erili
1021 368 1112 408 filio.

112 449 145 466 20
164 433 199 470 N
206 445 280 470 unc
309 433 386 471 huc
415 433 644 479 concedam,
676 440 718 471 ut
747 433 885 471 horum
915 446 1135 473 sermonem
1165 435 1304 490 legam.

243 630 347 668 S1MO
378 631 608 677 CALLu‘Ho,
637 631 771 669 SENEs
801 642 897 669 Duo.
958 619 1404 669 PSEUDOLUS‘SERUOS.

94 753 143 784 15
161 749 213 786 S1.
273 749 312 787 Si
341 750 390 787 de
420 750 619 787 damnosis
649 757 715 788 aut
745 751 774 788 si
804 750 855 788 de
883 748 1122 788 amatoribus
1161 746 1163 748 '
1412 762 1485 800 415

163 811 340 850 Dictator
368 813 434 850 fiat
463 826 569 850 nunc
598 813 764 851 Athenis
797 812 946 860 Atticis,

162 877 292 914 Nemo
320 877 529 914 antecedat
558 877 637 915 filio
666 878 785 915 credo
814 890 914 915 meo.

162 943 223 980 Ita
251 954 357 979 nunc
386 955 455 991 per
482 943 619 980 urbem
649 943 754 980 solus
785 942 956 981 sermoni
986 943 1196 982 omnibust.

127 1008 263 1053 aEum
293 1007 394 1045 uelle
423 1006 588 1045 amicam
618 1008 781 1046 liberare
811 1015 848 1046 et
878 1021 1061 1057 quaerere

161 1073 376 1121 Argentum
405 1071 455 1108 ad
485 1084 570 1109 eam
601 1084 694 1117 rem,
726 1072 802 1109 hoc
831 1071 895 1109 alii
925 1072 1018 1109 mihi
1048 1071 1289 1118 renuntiant,
1410 1085 1487 1118 420

161 1136 291 1184 Atque
320 1134 361 1172 id
389 1133 467 1172 iam
496 1135 648 1184 pridem
679 1134 781 1173 sensi
811 1143 849 1173 et
878 1135 1082 1173 subolebat
1112 1134 1219 1180 mihi,

160 1200 237 1237 Sed
266 1199 570 1253 dissimulabam.
648 1201 709 1236 Ps.
770 1200 855 1236 Iam
887 1199 940 1236 illi
970 1206 1103 1237 notust
1132 1198 1256 1246 filius,

160 1262 303 1301 Occisa
333 1270 389 1301 est
418 1263 515 1300 haec
544 1276 615 1309 res,
645 1264 777 1301 haeret
807 1264 883 1301 hoc
912 1264 1123 1312 negotium.

110 1343 142 1359 10
161 1327 251 1375 Quo
280 1327 320 1364 in
349 1335 599 1366 conmeatum
629 1327 736 1365 uolui
765 1327 1022 1377 argentarium

160 1391 368 1438 Proficisci,
398 1391 451 1430 ibi
480 1405 585 1429 nunc
613 1392 761 1441 oppido
791 1394 982 1442 obsaepta
1010 1400 1068 1432 est
1098 1393 1170 1431 uia.
1410 1407 1457 1440 42
1466 1405 1483 1443 5

160 1457 402 1506 Praesensit3
440 1456 535 1494 nihil
564 1455 622 1495 est
650 1458 819 1506 praedae
848 1458 1153 1507 praedatoribus.

160 1525 232 1563 CA.
292 1523 488 1561 Homines
518 1522 585 1572 qui
613 1531 766 1572 gestant
796 1524 941 1572 quique
971 1525 1191 1561 auscultant
1221 1522 1392 1568 crimina,

160 1587 200 1626 Si
229 1600 317 1626 meo
347 1587 531 1625 arbitratu
561 1587 686 1634 liceat,
719 1600 856 1625 omnes
886 1588 1096 1636 pendeant,

113 1666 143 1689 15
161 1653 345 1691 Gestores
374 1651 526 1701 linguis,
557 1651 753 1690 auditores
782 1651 948 1689 auribus.

162 1718 264 1754 Nam
294 1717 413 1754 istaec
443 1728 542 1765 quae
571 1715 641 1754 tibi
670 1715 950 1762 renuntiantur,
980 1715 1102 1753 filium
1410 1729 1486 1764 430

159 1783 219 1819 Te
248 1781 349 1819 uelle
378 1787 575 1817 amantem
604 1786 764 1829 argento
793 1779 1093 1825 circumducere,

161 1846 257 1882 Fors
286 1845 366 1881 fuat
395 1857 445 1881 an
474 1845 594 1882 istaec
623 1844 729 1882 dicta
757 1843 832 1881 sint
863 1843 1079 1882 mendacia.

160 1909 239 1947 Sed
268 1907 299 1946 si
328 1907 404 1946 sint
433 1921 479 1946 ea
507 1921 610 1955 uera,
641 1915 683 1945 ut
712 1921 816 1945 nunc
846 1920 932 1945 mos
963 1914 1031 1952 est,
1060 1921 1253 1955 maxume,

112 1985 144 2001 20
161 1972 267 2020 Quid
296 1971 434 2009 mirum
463 1971 565 2018 fecit,
596 1971 691 2020 quid
720 1984 878 2018 nouom,
909 1972 1139 2009 adulescens
1170 1973 1289 2010 homo

161 2035 200 2074 Si
227 2042 343 2082 amat,
375 2035 405 2073 si
434 2035 601 2073 amicam
631 2034 797 2072 liberat?
871 2036 932 2071 Ps.
993 2034 1185 2083 Lepidum
1215 2048 1358 2073 senem.
1410 2048 1483 2084 435

160 2101 212 2137 S1.
272 2101 399 2139 Uetus
427 2100 521 2137 nolo
550 2098 675 2136 faciat.
745 2100 818 2137 CA.
868 2098 1054 2141 Atenim
1084 2099 1323 2149 nequiquam
1354 2100 1486 2145 neuis3

162 2165 239 2203 Uel
267 2170 309 2201 tu
337 2177 387 2201 ne
415 2165 561 2202 faceres
590 2164 666 2200 tale
695 2162 735 2199 in
763 2162 1040 2200 adulescentia.

162 2228 334 2265 Probum
363 2233 512 2276 patrem
543 2239 627 2264 esse
656 2233 823 2274 oportet,
855 2225 921 2274 qui
949 2232 1110 2274 gnatum
1141 2239 1253 2264 suum

111 2306 144 2330 25
163 2292 260 2329 Esse
288 2289 510 2340 probiorem
539 2303 657 2339 quam
686 2289 794 2339 ipsus
822 2289 935 2328 fuerit
963 2291 1143 2340 postulet.
