1747 2620
132 145 190 183 IV
215 158 246 191 2,
271 141 444 195 36—59]
608 142 973 182 PSEUDOLUS.
1412 152 1461 189 49

131 250 209 288 Sed
242 261 407 298 propera
440 248 541 285 hanc
575 248 773 297 perlegere
807 258 955 296 quaeso
994 242 1311 294 epistulam—ita
1345 256 1461 293 nego-

237 314 334 352 tium
363 321 476 352 est—

130 380 261 427 Atque
289 377 467 427 accipere
496 384 698 428 argentum
727 383 904 414 actutum
934 376 1217 424 mulieremque
1247 373 1433 413 emittere.

131 443 233 480 Nam
264 454 424 480 necesse
454 448 512 479 est
541 440 659 479 hodie
687 439 845 490 Sicyoni
875 453 938 478 me
968 452 1052 478 esse
1081 445 1148 477 aut
1177 451 1260 476 cras
1295 446 1457 476 mortem

235 506 397 556 exsequi
410 521 420 554 ς

131 573 191 610 Ita
228 584 315 610 erus
354 584 464 610 meus
502 577 561 609 est
597 569 826 619 inperiosus.
901 571 971 607 BA.
1037 568 1167 616 Noui3
1210 568 1314 606 notis
1352 581 1461 617 prae-

236 635 352 674 dicas.

80 721 112 743 40
129 701 182 738 S1.
243 700 413 748 Propera
441 699 637 748 perlegere
665 711 758 749 ergo
787 697 1003 748 epistulam.
1082 698 1150 734 BA.
1212 696 1279 734 ¹Id
1313 709 1399 746 ago,
1430 696 1462 734 si

235 773 365 803 taceas
395 765 526 803 modo.
1360 774 1460 799 1000

130 830 284 868 “Miles
313 829 446 868 lenoni
477 829 642 867 Ballioni
671 829 879 880 epistulam

129 894 403 944 Conscriptam
432 893 550 932 mittit
579 892 1078 944 Polymachaeroplagides,

129 958 305 1009 Iniagine
334 959 582 1008 obsignatam
612 972 714 1008 quae
743 959 844 998 inter
873 973 945 998 nos
975 960 1056 998 duo

110 1023 327 1069 ‚Qonuenit
357 1024 487 1063 olim.''
544 1025 771 1074 Symbolust
800 1024 839 1062 in
869 1024 1059 1074 epistula;

78 1104 109 1127 ⁴⁵
128 1088 260 1126 Uideo
290 1096 328 1127 et
356 1101 556 1139 cognosco
586 1088 750 1138 signum.
810 1090 888 1128 Sed
917 1089 957 1127 in
988 1089 1155 1138 epistula
1357 1100 1455 1138 1005

129 1154 287 1190 Nullam
317 1155 482 1192 salutern
513 1153 666 1192 mittere
696 1153 880 1203 scriptam
911 1155 1040 1191 solet?

127 1220 180 1257 Sl.
241 1221 302 1257 Ita
331 1219 506 1257 militaris
536 1219 746 1268 disciplina
775 1226 843 1265 est,
877 1218 1025 1256 Ballio:

128 1284 253 1321 Manu
283 1284 446 1321 salutem
476 1283 636 1321 mittunt
666 1284 770 1320 bene
798 1283 1047 1330 uolentibus3

127 1347 279 1385 Eadem
308 1349 452 1385 malam
481 1361 563 1386 rem
593 1348 753 1385 mittunt
781 1348 883 1384 male
914 1346 1150 1385 uolentibus.

77 1429 111 1453 50
126 1412 202 1450 Sed
231 1419 274 1450 ut
303 1411 502 1461 occepisti,
533 1424 652 1461 perge
682 1424 802 1460 opera
831 1410 1050 1460 experirier,
1361 1424 1460 1448 1010

127 1476 232 1525 Quid
263 1476 428 1526 epistula
456 1467 530 1515 ista
558 1483 696 1514 narret.
776 1477 845 1513 BA.
904 1476 1094 1513 Ausculta
1124 1476 1256 1514 modo.

128 1543 330 1590 “Harpax
359 1542 506 1579 calator
535 1554 645 1579 meus
674 1547 733 1578 est
762 1541 813 1578 ad
842 1547 881 1578 te
911 1539 977 1589 qui
1006 1541 1191 1578 uenit—'²

126 1608 242 1644 Tune
270 1619 311 1644 es
339 1608 374 1644 is
404 1608 596 1655 Harpax?
671 1606 723 1643 S1.
785 1606 870 1654 Ego
900 1617 997 1643 sum.
1078 1606 1152 1642 Ba.
1212 1607 1342 1654 Atque
1375 1604 1459 1654 ipse

233 1671 381 1720 harpax
410 1670 581 1720 quidem.

128 1735 245 1784 “Qui
274 1735 484 1784 epistulam
513 1734 627 1773 istam
657 1735 728 1773 fert
743 1750 753 1783 3
792 1736 842 1773 ab
872 1747 920 1772 eo
950 1742 1152 1785 argentum
1182 1733 1306 1784 accipi

77 1815 106 1839 55
129 1800 178 1837 Et
206 1812 296 1836 cum
326 1812 374 1837 eo
404 1798 534 1836 simitu
564 1799 765 1836 mulierem
795 1798 896 1836 mitti
925 1800 1028 1837 uolo.
1360 1809 1456 1847 1015

99 1854 102 1855 ⁷
127 1864 299 1901 Salutem
329 1862 513 1912 scriptam
543 1862 706 1911 dignum
736 1870 794 1900 est
823 1862 951 1912 dignis
981 1863 1158 1910 niittere3
1359 1863 1365 1872 ”

126 1929 186 1965 Te
215 1927 247 1965 si
276 1927 503 1965 arbitrarem
533 1926 706 1976 dignum,
738 1925 931 1964 misissem
961 1926 1066 1964 tibi.’'

127 1991 178 2028 Sr.
210 1987 215 1993 ’
239 1990 347 2038 Quid
373 1991 508 2028 nunc?
564 1992 631 2028 BA.
684 1992 902 2039 Argentum
929 1991 1012 2037 des,
1040 1991 1213 2029 abducas
1242 1990 1456 2030 mulierem.

127 2056 179 2093 Sr.
208 2052 210 2054 ’
238 2056 339 2107 Uter
384 2056 630 2093 remoratur?
705 2056 776 2092 BA.
840 2054 948 2103 Quin
996 2068 1158 2105 sequere
1206 2069 1297 2106 ergo
1344 2056 1456 2094 intro.

234 2120 287 2158 S1.
346 2121 506 2169 Sequor.

506 2214 519 2235 1
543 2216 670 2247 Iambic
694 2214 822 2254 senarii,
854 2226 1074 2249 1001—1102.
