1747 2620
252 93 325 141 136
727 95 1091 135 PSEUDOLUS.

246 204 327 235 rogo
342 194 373 225 A
464 194 625 226 Pseudole
642 196 684 232 A,
701 196 853 228 Pseudoli
870 197 911 233 Β,
932 197 1110 228 Pseudolus
1129 196 1157 229 C
1259 204 1317 238 707
1334 207 1400 239 quo
1415 196 1476 229 iter
1492 197 1564 235 BC,

246 248 384 289 quoiper
399 248 430 279 A
541 249 648 280 modis
664 260 716 281 me
732 251 795 281 tria
897 253 956 291 708
974 251 1076 282 tribus
1089 255 1138 282 ter
1152 250 1326 282 demeritas
1341 252 1407 283 BC
1507 258 1568 292 709

247 303 407 334 malitiam
423 307 455 334 et
471 313 529 343 per
544 304 608 334 ΒΟ
697 304 861 335 fallaciam
876 305 942 336 BC
1026 314 1087 345 710
1103 304 1276 345 obsignato
1292 305 1333 336 ad
1348 310 1380 336 te
1395 304 1490 336 attuli
1505 305 1571 336 ΒΟ

335 365 392 397 711
412 357 489 388 CH.
512 357 584 387 Illic
600 357 700 388 homo
717 364 764 389 est
783 358 819 388 P.
908 359 948 390 C.
967 358 1089 390 Confer
1189 367 1248 398 712
1266 358 1338 389 CA.
1359 359 1484 390 Contra

247 409 375 451 paiiter.
394 410 429 440 P.
447 420 507 450 por
519 410 716 442 ciaudaciter
732 412 773 449 B,
791 412 910 442 lacuna
926 416 972 443 est
986 413 1023 442 in
1044 413 1072 443 C
1183 412 1355 443 bacchium
1371 413 1401 444 A
1507 421 1568 453 713

247 473 339 504 spem
355 474 454 494 neans
472 469 609 494 matrem
625 464 689 494 BC
791 472 852 504 714
868 466 1029 496 actumst?
1047 466 1082 496 P.
1099 465 1179 506 quid
1196 466 1315 496 times?
1417 471 1475 504 715
1494 465 1568 496 CA.

249 517 356 548 Attuli
373 517 448 547 hinc
464 517 528 548 BC
602 517 662 557 716
676 516 939 557 chatytouonolw
956 519 981 549 P
1057 526 1115 559 717
1135 519 1212 550 CH.
1229 529 1290 550 om.
1363 523 1398 550 tu
1414 519 1568 560 quicquid

249 581 331 611 opus
347 575 394 601 est
410 571 476 601 BC
561 571 597 601 P.
614 575 681 600 tam
696 571 839 610 graciam
855 571 897 608 Β,
913 582 976 602 om.
994 571 1023 603 C
1110 574 1170 613 718
1187 573 1227 604 sit
1243 572 1376 604 eharine
1391 573 1456 604 BC

251 633 311 665 719
328 623 361 654 id
377 634 439 654 om.
542 628 576 654 tu
592 633 653 654 om.
674 624 701 654 C
819 632 879 663 720
896 624 973 655 CH.
1075 626 1215 666 epistula
1232 626 1263 656 B
1370 626 1471 656 modo
1486 625 1570 657 hanc

248 678 422 713 BC‚'hanc
438 678 469 708 A
590 685 646 717 721
666 677 746 709 CH.
862 678 993 710 aliatust
1017 680 1116 710 modo
1141 684 1189 711 est
1210 679 1251 717 B,
1277 679 1450 711 alienatust
1471 679 1570 711 modo

249 737 298 762 est
315 731 344 762 C
456 738 515 770 723
532 731 717 762 accersebat
733 732 776 769 A,
796 732 981 762 arces-sabat
996 732 1029 763 Β
1143 740 1203 773 724
1220 732 1329 764 fabule
1344 733 1387 771 Β,
1406 733 1524 764 sabulae
1544 732 1573 763 C

252 784 313 824 726
329 785 560 826 amplexabero
581 785 609 815 C
710 793 769 824 727
786 790 854 816 tute
870 796 931 826 ego
948 786 1036 826 ipsus
1048 787 1114 817 BC
1225 787 1299 818 uiue
1417 788 1477 828 728
1494 787 1566 818 CA.

251 837 326 877 Qua
414 837 475 868 PS.
492 847 554 868 om.
647 845 704 877 731
724 837 834 878 Atque
851 848 936 874 eum,
954 838 1010 879 qui
1026 848 1092 869 non
1108 838 1161 870 hic
1176 839 1314 870 usitatus
1395 846 1454 880 732
1473 839 1571 870 Nunc

249 892 328 933 quid
345 892 378 923 B
482 899 540 931 733
557 891 630 923 CA.
736 900 796 932 734
812 891 890 922 exiit
906 892 972 923 BC
1084 892 1239 923 aediebus
1253 893 1286 923 B
1403 893 1463 934 736
1478 893 1571 924 lubas

250 947 315 977 BC
399 946 550 977 inuentus
570 945 598 976 C
692 952 751 986 737
768 956 845 976 nam
861 956 960 976 unam
976 946 1072 977 huius
1087 947 1151 977 BC
1253 948 1313 987 738
1330 947 1402 978 CA.
1510 956 1571 989 739

250 1010 333 1041 opus
349 1005 380 1030 te
397 1000 428 1029 Β
515 999 675 1039 chamyde
763 999 935 1030 mechaera
949 1000 982 1030 B
1085 1000 1161 1031 CH.
1182 1010 1244 1031 om.
1349 1009 1409 1040 740
1426 1000 1489 1032 PS.
1508 1012 1570 1031 om.

338 1052 395 1084 Dii
475 1057 523 1084 est
539 1064 599 1084 om.
619 1054 649 1083 A
731 1061 787 1093 741
807 1053 859 1084 isti
876 1053 942 1084 ΒΟ
1019 1053 1073 1084 hic
1089 1053 1144 1094 qui
1162 1053 1295 1084 aduenit
1311 1054 1376 1085 ΒΟ
1457 1053 1514 1095 qui
1529 1054 1572 1091 B,

251 1107 331 1149 quid
350 1107 378 1137 C
465 1114 523 1147 742
543 1107 709 1147 Hirquum
726 1107 768 1142 Β,
788 1106 851 1137 His
868 1117 942 1137 cum
962 1107 991 1138 C
1077 1107 1149 1137 aliis
1165 1107 1231 1137 ΒΟ
1315 1107 1408 1138 decet
1425 1107 1489 1139 BC

254 1170 313 1202 743
339 1160 503 1202 Equidem
520 1160 618 1190 homo
635 1160 733 1190 habet
750 1161 794 1198 A,
815 1160 943 1201 Ecquid
959 1159 1087 1191 habetis
1103 1160 1203 1190 homo
1219 1160 1284 1191 BC
1397 1161 1572 1192 acidissimi

252 1216 318 1247 BC
404 1223 465 1255 744
480 1225 562 1256 opus
578 1215 619 1246 sit
706 1221 736 1246 et
755 1215 832 1256 quid
854 1216 882 1246 C
960 1215 1032 1247 CA.
1120 1225 1239 1255 rogans
1258 1215 1287 1246 C
1373 1222 1431 1256 745
1448 1215 1572 1247 defruc-

252 1275 322 1301 tum
338 1269 371 1300 B
456 1269 611 1300 melinam
627 1269 669 1307 Β,
689 1269 854 1300 mellinam
876 1269 905 1300 C
1002 1268 1212 1310 quoiusmodi
1228 1270 1272 1307 A,
1291 1269 1498 1310 quouismodi
1510 1270 1577 1301 ΒΟ

255 1324 316 1365 746
331 1324 572 1366 hermopolium
588 1324 652 1355 ΒΟ
754 1331 813 1364 747
831 1335 883 1355 me
899 1335 972 1355 meo
989 1324 1053 1356 BC
1169 1326 1229 1364 748
1245 1323 1302 1365 qui
1389 1324 1461 1355 CA.

256 1431 316 1464 749
333 1421 407 1453 CA.
503 1421 585 1452 citus
601 1426 649 1453 est
749 1429 810 1461 750
826 1426 957 1463 argutus
973 1423 1041 1453 est?
1058 1422 1131 1453 CA.
1222 1431 1279 1462 751
1300 1421 1373 1453 CA.
1390 1389 1525 1462 angiilas
1541 1427 1574 1453 te

253 1475 373 1506 labitur
387 1476 419 1506 Β
522 1483 582 1514 752
600 1481 647 1506 est
664 1475 763 1506 scitus
781 1476 810 1506 C
909 1476 980 1508 CA.
1082 1476 1165 1507 citus
1273 1484 1333 1517 753
1351 1476 1425 1508 CA.
1528 1476 1573 1508 sci

253 1529 335 1560 scias
351 1530 383 1560 Β
483 1538 498 1570 7
505 1539 543 1569 54
559 1530 722 1570 aspexeris
835 1540 905 1560 esse
1009 1538 1067 1570 755
1084 1530 1232 1571 quideles
1248 1536 1376 1561 acturus
1392 1530 1434 1568 B,
1453 1530 1525 1572 quis
1540 1540 1574 1561 es

253 1590 382 1614 acturus
402 1583 430 1614 C
538 1582 598 1623 756
615 1583 781 1613 subditum
797 1583 840 1619 B,
857 1582 1035 1613 subditium
1055 1583 1084 1614 C
1186 1592 1245 1624 757
1262 1593 1362 1625 quom
1379 1583 1411 1614 Β
1513 1582 1574 1624 760

253 1648 354 1678 quom
371 1638 403 1668 B
492 1637 550 1677 762
570 1638 605 1667 Ρ.
624 1637 712 1678 prius
729 1637 795 1667 illic
883 1637 944 1668 PS.
965 1648 1026 1668 om.
1117 1636 1178 1677 764
1195 1637 1379 1668 defecatum
1395 1636 1422 1668 si
1438 1647 1495 1668 cor

256 1690 315 1731 765
333 1691 458 1722 Omnes
474 1691 604 1721 ordines
691 1691 751 1721 sub
767 1700 827 1721 om.
852 1690 880 1720 C
964 1689 1024 1731 768
1041 1690 1208 1721 honerabo
1295 1690 1340 1721 mi
1356 1690 1382 1721 is
1398 1692 1572 1732 preceptis-

254 1745 369 1775 simam
386 1745 418 1775 Β
507 1744 567 1785 769
580 1744 666 1775 hunc
685 1744 713 1774 C
827 1744 975 1775 Titulum
991 1754 1051 1774 om.
1073 1743 1101 1774 C
1201 1751 1261 1784 772
1277 1743 1365 1775 idem
1386 1744 1413 1775 C
1514 1751 1572 1784 775

256 1798 360 1830 Uellit
380 1799 409 1829 C
509 1798 570 1838 776
586 1797 785 1839 praefulgior
884 1805 943 1838 777
960 1798 1063 1828 ullum
1080 1797 1226 1829 inuenire
1324 1799 1384 1838 778
1400 1801 1489 1829 curet

256 1855 318 1894 780
335 1853 567 1884 Interminatus
583 1859 648 1883 tam
665 1852 768 1883 inimo
850 1854 910 1893 782
929 1852 1015 1883 Tum
1097 1853 1156 1892 783
1173 1851 1250 1893 quia
1265 1852 1307 1890 B,
1327 1862 1391 1893 qua
1410 1852 1438 1883 C
1513 1851 1574 1892 786

254 1913 409 1948 potantus
425 1908 458 1938 Β
547 1908 606 1948 787
624 1907 678 1938 ille
695 1906 804 1946 relego
894 1908 954 1947 788
971 1906 1055 1938 male
1071 1916 1146 1937 eum
1162 1912 1272 1937 metuo
1358 1914 1418 1948 793
1434 1915 1527 1936 ecum
1541 1905 1575 1936 Β

341 1963 436 1993 ducet
457 1963 485 1993 C

325 2016 475 2046 Tz'tulum
493 2026 554 2047 om.
576 2016 612 2052 C,
630 2016 656 2046 B
680 2015 854 2046 BALLIO
880 2014 908 2046 C
930 2014 1121 2054 COQUOS
1138 2015 1170 2045 B
1259 2020 1317 2055 795
1336 2012 1510 2054 coquinum
1526 2017 1574 2044 est

257 2069 318 2112 796
330 2070 357 2101 si
372 2080 434 2110 ego
453 2070 481 2101 C
580 2070 726 2111 pelorem
832 2070 892 2110 798
910 2069 1017 2110 Magis
1033 2079 1095 2099 om.
1206 2067 1383 2108 gloriosum
1400 2067 1575 2099 sinsulsum

255 2123 403 2154 inutilem
526 2131 586 2166 799
603 2124 689 2154 hunc
705 2123 748 2154 ad
763 2133 797 2155 se
900 2124 962 2155 800
978 2123 1097 2154 mortui
1117 2123 1146 2154 C
1244 2123 1304 2153 802
1322 2122 1396 2153 CA.
1417 2123 1445 2153 C
1458 2122 1496 2153 in
1511 2127 1576 2152 tota

255 2186 348 2207 scena
456 2176 516 2217 805
533 2177 616 2208 alius
725 2175 787 2208 806
804 2176 940 2207 auaritia
955 2186 1017 2216 ego
1033 2185 1104 2206 sum
1120 2174 1223 2206 factus
1331 2176 1391 2214 807
1408 2184 1483 2204 meo
1500 2180 1531 2205 te
1550 2174 1578 2205 C

352 2231 414 2261 808
430 2231 581 2271 exemplo
684 2230 746 2271 809
763 2230 817 2260 Ne
919 2231 978 2260 812
997 2234 1067 2260 sent
1083 2229 1126 2265 B,
1144 2233 1250 2259 essent
1270 2228 1297 2259 C
1397 2228 1576 2259 miserrime

255 2295 351 2317 nemo
368 2285 400 2316 Β
503 2286 563 2316 816
579 2286 763 2327 hoggerunt
780 2284 812 2316 Β
915 2284 977 2315 8ιὸ
993 2283 1190 2314 foeniculum
1211 2283 1238 2314 Ο
1332 2281 1432 2313 alium
1448 2282 1481 2313 B
