1747 2620
277 122 321 147 12
751 110 1119 150 PSEUDOLUS.
1323 109 1360 164 [Ι
1383 125 1416 158 2,
1439 115 1596 160 41—60

273 213 378 251 Uiris
403 226 494 251 cum
521 211 693 260 summis,
721 212 891 252 inclutae
916 213 1079 260 amicae,
1106 225 1213 252 nunc
1239 225 1312 263 ego
1340 213 1450 253 scibo
1466 222 1597 264 atque

378 278 497 317 hodie
527 279 711 327 experiar,

273 342 385 390 Quae
413 341 542 391 capiti,
572 355 686 390 quae
701 341 827 380 uentri
856 354 1015 391 operam
1044 312 1123 389 det,
1151 354 1255 391 quae
1282 355 1376 381 suae
1403 342 1469 390 rei,
1497 356 1598 393 quae

377 419 519 444 somno
548 406 725 454 studeat,

273 471 402 518 Quam
432 471 609 508 libertam
639 472 720 509 fore
746 470 841 508 mihi
868 470 1024 509 credam
1051 463 1234 519 etquam
1261 472 1451 518 uenalem,
1479 471 1598 510 hodie

380 536 563 585 experiar.
1525 551 1540 574 1
1551 548 1569 585 7
1577 548 1596 587 5

274 601 406 639 Facite
444 600 563 640 hodie
600 608 642 639 ut
680 599 775 639 mihi
813 613 975 639 munera
1013 601 1137 639 multa
1169 600 1245 638 huc
1277 600 1327 639 ab
1360 592 1599 639 amatoribus

380 665 618 704 conueniant
632 681 642 714 ;

105 754 112 761 x
223 747 254 770 45
276 731 378 768 Nam
409 730 482 768 nisi
511 729 564 767 mi
593 743 747 768 annuus
773 743 900 780 penus
926 729 1045 769 hodie
1071 731 1194 776 datur,
1221 743 1304 768 cras
1337 731 1487 780 populo
1514 742 1601 780 pro-

381 794 537 832 stituam
566 807 647 833 uos.

277 861 457 898 Natalem
486 859 591 898 scitis
621 859 716 898 mihi
744 872 830 898 esse
859 858 963 898 diem
992 860 1119 908 hunc3
1155 859 1222 898 ubi
1249 860 1312 898 isti
1341 867 1431 898 sunt
1460 859 1602 909 quibus

383 937 453 963 uos
482 924 584 963 oculi
613 925 716 970 estis,

277 989 429 1037 Quibus
455 988 570 1033 uitae,
594 988 736 1037 quibus
762 988 926 1027 deliciae
954 988 1059 1036 estis,
1087 988 1204 1036 sauia,
1236 988 1484 1036 mammillae,
1512 989 1604 1038 QL-

383 1052 513 1091 lillae?

279 1117 554 1167 Manipulatim
575 1116 848 1166 munerigeruli
868 1116 982 1155 facite
1002 1125 1093 1156 ante
1113 1116 1220 1155 aedis
1239 1116 1317 1154 iam
1342 1116 1437 1155 mihi
1463 1116 1602 1155 adsint.

279 1184 357 1222 Cur
390 1195 462 1232 ego
497 1194 648 1220 uestem
682 1195 815 1220 aurum
851 1189 969 1231 atque
1002 1194 1048 1220 ea
1081 1183 1224 1231 quibus
1264 1189 1322 1219 est
1360 1181 1474 1220 uobis
1512 1193 1605 1219 usus
1649 1190 1653 1194 ·

383 1246 626 1297 praehibeo?
682 1246 789 1294 Quid
1532 1247 1602 1283 181

231 1328 261 1350 50
280 1312 381 1350 Mihi
420 1314 526 1351 domi
567 1312 641 1349 nisi
679 1312 826 1349 malum
865 1318 996 1349 nostra
1033 1323 1152 1360 opera
1185 1318 1253 1357 est,
1289 1310 1491 1361 inprobae,
1525 1310 1607 1348 uini

386 1377 507 1415 modo
536 1376 731 1426 cupidae?
769 1381 818 1437 [Ἴ
865 1407 869 1411 .
897 1378 909 1414 ι’

281 1445 341 1486 ΕΟ
365 1456 435 1481 uos
462 1450 614 1480 nostros
641 1441 817 1491 pantices
843 1440 1098 1487 madefacitis,
1121 1453 1241 1490 quom
1268 1453 1342 1490 ego
1369 1440 1440 1478 sim
1469 1440 1604 1479 siccus.

281 1510 399 1546 Nunc
430 1509 530 1546 adeo
561 1508 636 1545 hoc
667 1508 771 1545 factu
804 1516 862 1545 est
896 1515 1113 1556 optumum,
1143 1513 1186 1544 ut
1218 1506 1380 1544 nomine
1414 1517 1609 1554 quemque

388 1574 585 1622 appellem
616 1584 698 1618 suo,

283 1639 345 1676 Ne
384 1637 531 1675 dictum
570 1648 655 1674 esse
693 1643 867 1674 actutum
906 1634 980 1674 sibi
1018 1637 1225 1685 quaepiam
1263 1641 1481 1678 nostrarum
1515 1633 1610 1672 mihi

390 1710 513 1752 neget.
1536 1701 1606 1748 185

283 1766 491 1805 Aduortite
519 1765 694 1804 animum
724 1773 899 1803 cunctae.

234 1848 264 1871 55
287 1830 491 1880 Principio,
512 1830 739 1880 Hedylium‚
757 1837 887 1868 tecum
908 1843 993 1880 ago,
1011 1842 1112 1878 quae
1132 1829 1258 1867 amica
1278 1842 1318 1868 es
1338 1828 1609 1873 frumentariis,

286 1896 451 1945 Quibus,
473 1894 610 1944 quanti
628 1902 782 1932 montes
803 1894 986 1939 maxumi,
1007 1894 1189 1932 frumenti
1211 1893 1339 1931 acerui
1364 1899 1454 1930 sunt
1477 1891 1610 1939 domi;

285 1963 387 1999 Face
426 1961 476 1998 sis
515 1961 563 1999 sit
597 1961 770 1998 delatum
803 1960 882 1997 huc
915 1959 1011 1997 mihi
1043 1960 1292 2006 frumentum,
1327 1959 1431 1996 hunc
1464 1970 1611 1995 annum

391 2025 497 2074 quod
526 2024 618 2063 satis

286 2087 387 2126 Mihi
417 2095 455 2125 et
483 2087 651 2125 familiae
680 2086 789 2126 omni
817 2086 865 2126 sit
897 2100 1021 2134 meae,
1051 2099 1176 2136 usque
1209 2086 1312 2125 adeo
1343 2092 1386 2123 ut
1417 2086 1613 2143 frumento

392 2152 545 2197 afluam,
1540 2162 1614 2198 190

287 2218 344 2256 Ut
372 2217 510 2255 ciuitas
539 2229 686 2255 nomen
715 2216 811 2254 mihi
840 2222 1042 2255 conmutet
1070 2228 1214 2266 meque
1243 2221 1286 2253 ut
1313 2212 1512 2264 praedicet

227 2292 271 2316 ·60
289 2283 451 2321 Lenone
480 2294 528 2320 ex
556 2282 732 2320 Ballione
761 2294 892 2331 regem
922 2281 1130 2319 Iasionem.
