<?xml version="1.0" encoding="UTF-8"?>
<!DOCTYPE html PUBLIC "-//W3C//DTD XHTML 1.0 Transitional//EN"
    "http://www.w3.org/TR/xhtml1/DTD/xhtml1-transitional.dtd">
<html xmlns="http://www.w3.org/1999/xhtml" xml:lang="en" lang="en">
 <head>
  <title>
</title>
<meta http-equiv="Content-Type" content="text/html;charset=utf-8" />
  <meta name='ocr-system' content='tesseract 3.04.00' />
  <meta name='ocr-capabilities' content='ocr_page ocr_carea ocr_par ocr_line ocrx_word'/>
</head>
<body>
  <div class='ocr_page' id='page_1' title='image "./pseudolus00plauuoft/pseudolus00plauuoft_0094.png"; bbox 0 0 1747 2620; ppageno 0'>
   <div class='ocr_carea' id='block_1_1' title="bbox 190 557 221 580">
    <p class='ocr_par' dir='ltr' id='par_1_1' title="bbox 190 557 221 580">
     <span class='ocr_line' id='line_1_1' title="bbox 190 557 221 580; baseline 0 0"><span class='ocrx_word' id='word_1_1' title='bbox 190 557 221 580; x_wconf 85' lang='lat'><strong>15</strong></span> 
     </span>
    </p>
   </div>
   <div class='ocr_carea' id='block_1_2' title="bbox 239 105 1560 160">
    <p class='ocr_par' dir='ltr' id='par_1_2' title="bbox 239 105 1560 160">
     <span class='ocr_line' id='line_1_2' title="bbox 239 105 1560 160; baseline 0.011 -18"><span class='ocrx_word' id='word_1_2' title='bbox 239 113 286 148; x_wconf 75' lang='lat'><strong>62</strong></span> <span class='ocrx_word' id='word_1_3' title='bbox 718 109 997 148; x_wconf 81' lang='lat' dir='ltr'><em>PSEUDOL</em></span> <span class='ocrx_word' id='word_1_4' title='bbox 1008 108 1083 148; x_wconf 66' lang='grc' dir='ltr'><strong>σε.</strong></span> <span class='ocrx_word' id='word_1_5' title='bbox 1277 105 1329 160; x_wconf 89' lang='lat' dir='ltr'><strong>[v</strong></span> <span class='ocrx_word' id='word_1_6' title='bbox 1352 121 1384 153; x_wconf 90' lang='lat'><strong>2,</strong></span> <span class='ocrx_word' id='word_1_7' title='bbox 1411 118 1560 155; x_wconf 85' lang='lat'>11-37</span> 
     </span>
    </p>
   </div>
   <div class='ocr_carea' id='block_1_3' title="bbox 239 208 1565 838">
    <p class='ocr_par' dir='ltr' id='par_1_3' title="bbox 240 208 1564 315">
     <span class='ocr_line' id='line_1_3' title="bbox 240 208 1564 262; baseline -0.003 -12"><span class='ocrx_word' id='word_1_8' title='bbox 240 214 301 250; x_wconf 90' lang='lat' dir='ltr'><strong>Ps.</strong></span> <span class='ocrx_word' id='word_1_9' title='bbox 362 213 443 251; x_wconf 90' lang='lat' dir='ltr'><strong>Cur</strong></span> <span class='ocrx_word' id='word_1_10' title='bbox 462 224 535 262; x_wconf 87' lang='lat' dir='ltr'><strong>ego</strong></span> <span class='ocrx_word' id='word_1_11' title='bbox 555 211 761 250; x_wconf 84' lang='lat' dir='ltr'><strong>adflictor?</strong></span> <span class='ocrx_word' id='word_1_12' title='bbox 829 212 880 250; x_wconf 89' lang='lat' dir='ltr'><strong>S1.</strong></span> <span class='ocrx_word' id='word_1_13' title='bbox 941 210 1046 260; x_wconf 83' lang='lat' dir='ltr'>Quid</span> <span class='ocrx_word' id='word_1_14' title='bbox 1068 217 1123 257; x_wconf 91' lang='lat' dir='ltr'><strong>tu,</strong></span> <span class='ocrx_word' id='word_1_15' title='bbox 1143 210 1302 259; x_wconf 86' lang='lat' dir='ltr'><strong>malum,</strong></span> <span class='ocrx_word' id='word_1_16' title='bbox 1326 208 1367 247; x_wconf 89' lang='lat' dir='ltr'><strong>in</strong></span> <span class='ocrx_word' id='word_1_17' title='bbox 1386 221 1430 248; x_wconf 90' lang='lat' dir='ltr'><strong>os</strong></span> <span class='ocrx_word' id='word_1_18' title='bbox 1449 208 1564 259; x_wconf 88' lang='lat' dir='ltr'><strong>igitur</strong></span> 
     </span>
     <span class='ocr_line' id='line_1_4' title="bbox 345 275 827 315; baseline -0.002 -1"><span class='ocrx_word' id='word_1_19' title='bbox 345 276 440 314; x_wconf 90' lang='lat' dir='ltr'><strong>mihi</strong></span> <span class='ocrx_word' id='word_1_20' title='bbox 469 275 597 315; x_wconf 90' lang='lat' dir='ltr'><strong>ebrius</strong></span> <span class='ocrx_word' id='word_1_21' title='bbox 626 275 827 314; x_wconf 83' lang='lat' dir='ltr'><strong>inructas?</strong></span> 
     </span>
    </p>

    <p class='ocr_par' dir='ltr' id='par_1_4' title="bbox 239 339 1242 387">
     <span class='ocr_line' id='line_1_5' title="bbox 239 339 1242 387; baseline -0.004 -7"><span class='ocrx_word' id='word_1_22' title='bbox 239 343 303 380; x_wconf 89' lang='lat' dir='ltr'><strong>Ps.</strong></span> <span class='ocrx_word' id='word_1_23' title='bbox 362 341 536 379; x_wconf 84' lang='lat' dir='ltr'>Molliter</span> <span class='ocrx_word' id='word_1_24' title='bbox 563 340 614 379; x_wconf 91' lang='lat' dir='ltr'><strong>sis</strong></span> <span class='ocrx_word' id='word_1_25' title='bbox 643 348 733 379; x_wconf 92' lang='lat' dir='ltr'><strong>tene</strong></span> <span class='ocrx_word' id='word_1_26' title='bbox 761 353 824 379; x_wconf 90' lang='lat' dir='ltr'><strong>me</strong></span> <span class='ocrx_word' id='word_1_27' title='bbox 839 354 850 387; x_wconf 78' lang='lat'>3</span> <span class='ocrx_word' id='word_1_28' title='bbox 887 353 983 378; x_wconf 91' lang='lat' dir='ltr'><strong>caue</strong></span> <span class='ocrx_word' id='word_1_29' title='bbox 1013 352 1062 378; x_wconf 86' lang='lat' dir='ltr'><strong>ne</strong></span> <span class='ocrx_word' id='word_1_30' title='bbox 1091 339 1242 378; x_wconf 81' lang='lat' dir='ltr'><strong>cadam.</strong></span> 
     </span>
    </p>

    <p class='ocr_par' dir='ltr' id='par_1_5' title="bbox 239 405 1564 450">
     <span class='ocr_line' id='line_1_6' title="bbox 239 405 1564 450; baseline -0.005 -6"><span class='ocrx_word' id='word_1_31' title='bbox 239 408 333 445; x_wconf 93' lang='lat' dir='ltr'><strong>Non</strong></span> <span class='ocrx_word' id='word_1_32' title='bbox 361 406 471 444; x_wconf 87' lang='lat' dir='ltr'><strong>uides</strong></span> <span class='ocrx_word' id='word_1_33' title='bbox 500 418 563 444; x_wconf 90' lang='lat' dir='ltr'><strong>me</strong></span> <span class='ocrx_word' id='word_1_34' title='bbox 592 412 634 444; x_wconf 87' lang='lat' dir='ltr'><strong>ut</strong></span> <span class='ocrx_word' id='word_1_35' title='bbox 663 405 821 443; x_wconf 90' lang='lat' dir='ltr'><strong>madide</strong></span> <span class='ocrx_word' id='word_1_36' title='bbox 850 405 1061 443; x_wconf 82' lang='lat' dir='ltr'><strong>madeam?</strong></span> <span class='ocrx_word' id='word_1_37' title='bbox 1464 413 1564 450; x_wconf 84' lang='lat'>1300</span> 
     </span>
    </p>

    <p class='ocr_par' dir='ltr' id='par_1_6' title="bbox 239 467 1271 518">
     <span class='ocr_line' id='line_1_7' title="bbox 239 467 1271 518; baseline -0.002 -10"><span class='ocrx_word' id='word_1_38' title='bbox 239 472 290 508; x_wconf 86' lang='lat' dir='ltr'><strong>S1.</strong></span> <span class='ocrx_word' id='word_1_39' title='bbox 351 471 465 518; x_wconf 84' lang='lat' dir='ltr'><strong>Quae</strong></span> <span class='ocrx_word' id='word_1_40' title='bbox 493 469 613 508; x_wconf 83' lang='lat' dir='ltr'>istaec</span> <span class='ocrx_word' id='word_1_41' title='bbox 641 469 805 508; x_wconf 88' lang='lat' dir='ltr'><strong>audacia</strong></span> <span class='ocrx_word' id='word_1_42' title='bbox 834 476 903 515; x_wconf 88' lang='lat' dir='ltr'><strong>est,</strong></span> <span class='ocrx_word' id='word_1_43' title='bbox 934 476 973 507; x_wconf 90' lang='lat' dir='ltr'><strong>te</strong></span> <span class='ocrx_word' id='word_1_44' title='bbox 1001 468 1057 507; x_wconf 95' lang='lat' dir='ltr'><strong>sic</strong></span> <span class='ocrx_word' id='word_1_45' title='bbox 1085 467 1271 506; x_wconf 82' lang='lat' dir='ltr'>interdius</span> 
     </span>
    </p>

    <p class='ocr_par' dir='ltr' id='par_1_7' title="bbox 241 532 1275 572">
     <span class='ocr_line' id='line_1_8' title="bbox 241 532 1275 572; baseline -0.003 -1"><span class='ocrx_word' id='word_1_46' title='bbox 241 535 344 572; x_wconf 90' lang='lat' dir='ltr'><strong>Cum</strong></span> <span class='ocrx_word' id='word_1_47' title='bbox 373 534 519 571; x_wconf 85' lang='lat' dir='ltr'><strong>corolla</strong></span> <span class='ocrx_word' id='word_1_48' title='bbox 547 532 697 571; x_wconf 89' lang='lat' dir='ltr'><strong>ebrium</strong></span> <span class='ocrx_word' id='word_1_49' title='bbox 726 533 936 570; x_wconf 85' lang='lat' dir='ltr'><strong>incedere?</strong></span> <span class='ocrx_word' id='word_1_50' title='bbox 1011 533 1072 570; x_wconf 91' lang='lat' dir='ltr'><strong>Ps.</strong></span> <span class='ocrx_word' id='word_1_51' title='bbox 1133 532 1275 569; x_wconf 83' lang='lat' dir='ltr'><strong>Lubet.</strong></span> 
     </span>
    </p>

    <p class='ocr_par' dir='ltr' id='par_1_8' title="bbox 239 594 1304 646">
     <span class='ocr_line' id='line_1_9' title="bbox 239 594 1304 646; baseline -0.005 -10"><span class='ocrx_word' id='word_1_52' title='bbox 239 599 291 637; x_wconf 86' lang='lat' dir='ltr'><strong>S1.</strong></span> <span class='ocrx_word' id='word_1_53' title='bbox 350 596 468 646; x_wconf 85' lang='lat' dir='ltr'><strong>Quid,</strong></span> <span class='ocrx_word' id='word_1_54' title='bbox 499 598 637 635; x_wconf 86' lang='lat' dir='ltr'><strong>lubet?</strong></span> <span class='ocrx_word' id='word_1_55' title='bbox 693 596 833 646; x_wconf 86' lang='lat' dir='ltr'><strong>Pergin</strong></span> <span class='ocrx_word' id='word_1_56' title='bbox 861 604 1012 635; x_wconf 88' lang='lat' dir='ltr'><strong>ructare</strong></span> <span class='ocrx_word' id='word_1_57' title='bbox 1040 597 1080 634; x_wconf 94' lang='lat' dir='ltr'><strong>in</strong></span> <span class='ocrx_word' id='word_1_58' title='bbox 1108 608 1152 634; x_wconf 88' lang='lat' dir='ltr'><strong>os</strong></span> <span class='ocrx_word' id='word_1_59' title='bbox 1181 594 1304 632; x_wconf 84' lang='lat' dir='ltr'><strong>mihi?</strong></span> 
     </span>
    </p>

    <p class='ocr_par' dir='ltr' id='par_1_9' title="bbox 240 660 1253 707">
     <span class='ocr_line' id='line_1_10' title="bbox 240 660 1253 707; baseline -0.002 -8"><span class='ocrx_word' id='word_1_60' title='bbox 240 663 304 699; x_wconf 86' lang='lat' dir='ltr'><strong>Ps.</strong></span> <span class='ocrx_word' id='word_1_61' title='bbox 354 662 492 700; x_wconf 88' lang='lat' dir='ltr'><strong>Suauis</strong></span> <span class='ocrx_word' id='word_1_62' title='bbox 521 668 651 700; x_wconf 88' lang='lat' dir='ltr'><strong>ructus</strong></span> <span class='ocrx_word' id='word_1_63' title='bbox 680 661 774 698; x_wconf 90' lang='lat' dir='ltr'><strong>mihi</strong></span> <span class='ocrx_word' id='word_1_64' title='bbox 804 668 885 707; x_wconf 74' lang='lat' dir='ltr'><strong>est,</strong></span> <span class='ocrx_word' id='word_1_65' title='bbox 923 660 979 699; x_wconf 91' lang='lat' dir='ltr'><strong>sic</strong></span> <span class='ocrx_word' id='word_1_66' title='bbox 1008 660 1092 699; x_wconf 93' lang='lat' dir='ltr'><strong>sine</strong></span> <span class='ocrx_word' id='word_1_67' title='bbox 1121 661 1253 698; x_wconf 89' lang='lat' dir='ltr'><strong>modo.</strong></span> 
     </span>
    </p>

    <p class='ocr_par' dir='ltr' id='par_1_10' title="bbox 241 724 1565 775">
     <span class='ocr_line' id='line_1_11' title="bbox 241 724 1565 775; baseline -0.004 -11"><span class='ocrx_word' id='word_1_68' title='bbox 241 726 292 764; x_wconf 83' lang='lat' dir='ltr'><strong>S1.</strong></span> <span class='ocrx_word' id='word_1_69' title='bbox 352 727 482 765; x_wconf 85' lang='lat' dir='ltr'><strong>Credo</strong></span> <span class='ocrx_word' id='word_1_70' title='bbox 512 726 695 775; x_wconf 89' lang='lat' dir='ltr'><strong>equidem</strong></span> <span class='ocrx_word' id='word_1_71' title='bbox 725 724 827 774; x_wconf 81' lang='lat' dir='ltr'><strong>potis</strong></span> <span class='ocrx_word' id='word_1_72' title='bbox 856 738 940 764; x_wconf 89' lang='lat' dir='ltr'><strong>esse</strong></span> <span class='ocrx_word' id='word_1_73' title='bbox 970 733 1018 772; x_wconf 92' lang='lat' dir='ltr'><strong>te,</strong></span> <span class='ocrx_word' id='word_1_74' title='bbox 1051 726 1190 772; x_wconf 90' lang='lat' dir='ltr'><strong>scelus,</strong></span> <span class='ocrx_word' id='word_1_75' title='bbox 1468 733 1565 772; x_wconf 79' lang='lat'><strong>1305</strong></span> 
     </span>
    </p>

    <p class='ocr_par' dir='ltr' id='par_1_11' title="bbox 244 789 1049 838">
     <span class='ocr_line' id='line_1_12' title="bbox 244 789 1049 838; baseline -0.001 -10"><span class='ocrx_word' id='word_1_76' title='bbox 244 789 404 828; x_wconf 80' lang='lat' dir='ltr'>Massici</span> <span class='ocrx_word' id='word_1_77' title='bbox 433 790 577 828; x_wconf 90' lang='lat' dir='ltr'><strong>montis</strong></span> <span class='ocrx_word' id='word_1_78' title='bbox 606 791 834 828; x_wconf 87' lang='lat' dir='ltr'><strong>uberrumos</strong></span> <span class='ocrx_word' id='word_1_79' title='bbox 865 797 1049 838; x_wconf 87' lang='lat' dir='ltr'><strong>quattuor</strong></span> 
     </span>
    </p>
   </div>
   <div class='ocr_carea' id='block_1_4' title="bbox 193 851 1459 893">
    <p class='ocr_par' dir='ltr' id='par_1_12' title="bbox 193 851 1459 893">
     <span class='ocr_line' id='line_1_13' title="bbox 193 851 1459 893; baseline -0.001 -1"><span class='ocrx_word' id='word_1_80' title='bbox 193 876 224 892; x_wconf 75' lang='lat'><strong>20</strong></span> <span class='ocrx_word' id='word_1_81' title='bbox 244 856 408 893; x_wconf 84' lang='lat' dir='ltr'><strong>Fructus</strong></span> <span class='ocrx_word' id='word_1_82' title='bbox 437 854 594 893; x_wconf 86' lang='lat' dir='ltr'><strong>ebibere</strong></span> <span class='ocrx_word' id='word_1_83' title='bbox 622 854 662 892; x_wconf 90' lang='lat' dir='ltr'><strong>in</strong></span> <span class='ocrx_word' id='word_1_84' title='bbox 691 854 786 892; x_wconf 90' lang='lat' dir='ltr'><strong>hora</strong></span> <span class='ocrx_word' id='word_1_85' title='bbox 814 867 901 891; x_wconf 88' lang='lat' dir='ltr'><strong>una.</strong></span> <span class='ocrx_word' id='word_1_86' title='bbox 980 855 1042 891; x_wconf 91' lang='lat' dir='ltr'><strong>Ps.</strong></span> <span class='ocrx_word' id='word_1_87' title='bbox 1102 853 1284 892; x_wconf 87' lang='lat' dir='ltr'><strong>Hiberna</strong></span> <span class='ocrx_word' id='word_1_88' title='bbox 1311 851 1459 892; x_wconf 88' lang='lat' dir='ltr'><strong>addito.</strong></span> 
     </span>
    </p>
   </div>
   <div class='ocr_carea' id='block_1_5' title="bbox 243 918 1571 1160">
    <p class='ocr_par' dir='ltr' id='par_1_13' title="bbox 243 918 1188 964">
     <span class='ocr_line' id='line_1_14' title="bbox 243 918 1188 964; baseline -0.003 -7"><span class='ocrx_word' id='word_1_89' title='bbox 243 920 295 957; x_wconf 85' lang='lat' dir='ltr'><strong>SI.</strong></span> <span class='ocrx_word' id='word_1_90' title='bbox 356 919 477 956; x_wconf 88' lang='lat' dir='ltr'><strong>Haud</strong></span> <span class='ocrx_word' id='word_1_91' title='bbox 506 919 609 957; x_wconf 89' lang='lat' dir='ltr'><strong>male</strong></span> <span class='ocrx_word' id='word_1_92' title='bbox 638 930 785 956; x_wconf 89' lang='lat' dir='ltr'><strong>mones.</strong></span> <span class='ocrx_word' id='word_1_93' title='bbox 844 918 922 956; x_wconf 91' lang='lat' dir='ltr'><strong>Sed</strong></span> <span class='ocrx_word' id='word_1_94' title='bbox 952 918 1015 955; x_wconf 92' lang='lat' dir='ltr'><strong>dic</strong></span> <span class='ocrx_word' id='word_1_95' title='bbox 1044 924 1188 964; x_wconf 87' lang='lat' dir='ltr'><strong>tamen,</strong></span> 
     </span>
    </p>

    <p class='ocr_par' dir='ltr' id='par_1_14' title="bbox 244 982 1273 1031">
     <span class='ocr_line' id='line_1_15' title="bbox 244 982 1273 1031; baseline -0.002 -10"><span class='ocrx_word' id='word_1_96' title='bbox 244 983 364 1022; x_wconf 91' lang='lat' dir='ltr'><strong>Unde</strong></span> <span class='ocrx_word' id='word_1_97' title='bbox 393 990 576 1021; x_wconf 84' lang='lat' dir='ltr'><strong>onustam</strong></span> <span class='ocrx_word' id='word_1_98' title='bbox 605 983 781 1020; x_wconf 89' lang='lat' dir='ltr'><strong>celocem</strong></span> <span class='ocrx_word' id='word_1_99' title='bbox 811 994 923 1031; x_wconf 87' lang='lat' dir='ltr'><strong>agere</strong></span> <span class='ocrx_word' id='word_1_100' title='bbox 953 989 991 1019; x_wconf 89' lang='lat' dir='ltr'><strong>te</strong></span> <span class='ocrx_word' id='word_1_101' title='bbox 1020 982 1273 1031; x_wconf 83' lang='lat' dir='ltr'><strong>praedicem?</strong></span> 
     </span>
    </p>

    <p class='ocr_par' dir='ltr' id='par_1_15' title="bbox 244 1045 1571 1160">
     <span class='ocr_line' id='line_1_16' title="bbox 245 1045 1571 1095; baseline -0.004 -10"><span class='ocrx_word' id='word_1_102' title='bbox 245 1050 306 1085; x_wconf 87' lang='lat' dir='ltr'><strong>Ps.</strong></span> <span class='ocrx_word' id='word_1_103' title='bbox 367 1049 470 1087; x_wconf 92' lang='lat' dir='ltr'><strong>Cum</strong></span> <span class='ocrx_word' id='word_1_104' title='bbox 499 1054 568 1085; x_wconf 89' lang='lat' dir='ltr'><strong>tuo</strong></span> <span class='ocrx_word' id='word_1_105' title='bbox 596 1045 677 1084; x_wconf 85' lang='lat' dir='ltr'><strong>filio</strong></span> <span class='ocrx_word' id='word_1_106' title='bbox 706 1045 911 1095; x_wconf 91' lang='lat' dir='ltr'><strong>perpotaui</strong></span> <span class='ocrx_word' id='word_1_107' title='bbox 941 1047 1073 1084; x_wconf 91' lang='lat' dir='ltr'><strong>modo.</strong></span> <span class='ocrx_word' id='word_1_108' title='bbox 1471 1056 1571 1092; x_wconf 85' lang='lat'>1310</span> 
     </span>
     <span class='ocr_line' id='line_1_17' title="bbox 244 1109 1127 1160; baseline -0.001 -11"><span class='ocrx_word' id='word_1_109' title='bbox 244 1113 330 1157; x_wconf 87' lang='lat' dir='ltr'><strong>Sed,</strong></span> <span class='ocrx_word' id='word_1_110' title='bbox 364 1112 482 1158; x_wconf 86' lang='lat' dir='ltr'><strong>Simo,</strong></span> <span class='ocrx_word' id='word_1_111' title='bbox 512 1117 555 1149; x_wconf 91' lang='lat' dir='ltr'><strong>ut</strong></span> <span class='ocrx_word' id='word_1_112' title='bbox 583 1111 705 1160; x_wconf 90' lang='lat' dir='ltr'><strong>probe</strong></span> <span class='ocrx_word' id='word_1_113' title='bbox 734 1117 860 1147; x_wconf 85' lang='lat' dir='ltr'><strong>tactus</strong></span> <span class='ocrx_word' id='word_1_114' title='bbox 890 1109 1016 1147; x_wconf 89' lang='lat' dir='ltr'><strong>Ballio</strong></span> <span class='ocrx_word' id='word_1_115' title='bbox 1045 1111 1127 1148; x_wconf 81' lang='lat' dir='ltr'><strong>est!</strong></span> 
     </span>
    </p>
   </div>
   <div class='ocr_carea' id='block_1_6' title="bbox 193 1173 1018 1224">
    <p class='ocr_par' dir='ltr' id='par_1_16' title="bbox 193 1173 1018 1224">
     <span class='ocr_line' id='line_1_18' title="bbox 193 1173 1018 1224; baseline 0 -14"><span class='ocrx_word' id='word_1_116' title='bbox 193 1195 206 1210; x_wconf 88' lang='lat'>2</span> <span class='ocrx_word' id='word_1_117' title='bbox 245 1177 356 1224; x_wconf 84' lang='lat' dir='ltr'><strong>Quae</strong></span> <span class='ocrx_word' id='word_1_118' title='bbox 385 1174 456 1213; x_wconf 89' lang='lat' dir='ltr'><strong>tibi</strong></span> <span class='ocrx_word' id='word_1_119' title='bbox 485 1174 565 1212; x_wconf 88' lang='lat' dir='ltr'><strong>dixi</strong></span> <span class='ocrx_word' id='word_1_120' title='bbox 594 1181 637 1212; x_wconf 88' lang='lat' dir='ltr'><strong>ut</strong></span> <span class='ocrx_word' id='word_1_121' title='bbox 666 1174 814 1212; x_wconf 86' lang='lat' dir='ltr'><strong>ecfecta</strong></span> <span class='ocrx_word' id='word_1_122' title='bbox 841 1173 1018 1211; x_wconf 83' lang='lat' dir='ltr'><strong>reddidi!</strong></span> 
     </span>
    </p>
   </div>
   <div class='ocr_carea' id='block_1_7' title="bbox 244 1236 1572 1544">
    <p class='ocr_par' dir='ltr' id='par_1_17' title="bbox 244 1236 1572 1278">
     <span class='ocr_line' id='line_1_19' title="bbox 244 1236 1572 1278; baseline -0.003 0"><span class='ocrx_word' id='word_1_123' title='bbox 244 1242 295 1278; x_wconf 87' lang='lat' dir='ltr'><strong>S1.</strong></span> <span class='ocrx_word' id='word_1_124' title='bbox 348 1239 523 1278; x_wconf 82' lang='lat' dir='ltr'><strong>Derides.</strong></span> <span class='ocrx_word' id='word_1_125' title='bbox 574 1241 784 1277; x_wconf 89' lang='lat' dir='ltr'><strong>Pessumus</strong></span> <span class='ocrx_word' id='word_1_126' title='bbox 805 1239 924 1276; x_wconf 89' lang='lat' dir='ltr'><strong>homo</strong></span> <span class='ocrx_word' id='word_1_127' title='bbox 946 1245 1014 1277; x_wconf 91' lang='lat' dir='ltr'><strong>est.</strong></span> <span class='ocrx_word' id='word_1_128' title='bbox 1079 1240 1141 1276; x_wconf 90' lang='lat' dir='ltr'><strong>Ps.</strong></span> <span class='ocrx_word' id='word_1_129' title='bbox 1175 1237 1320 1275; x_wconf 87' lang='lat' dir='ltr'><strong>Mulier</strong></span> <span class='ocrx_word' id='word_1_130' title='bbox 1340 1237 1436 1275; x_wconf 89' lang='lat' dir='ltr'><strong>haec</strong></span> <span class='ocrx_word' id='word_1_131' title='bbox 1456 1236 1572 1274; x_wconf 87' lang='lat' dir='ltr'><strong>facit:</strong></span> 
     </span>
    </p>

    <p class='ocr_par' dir='ltr' id='par_1_18' title="bbox 245 1303 911 1344">
     <span class='ocr_line' id='line_1_20' title="bbox 245 1303 911 1344; baseline -0.005 -1"><span class='ocrx_word' id='word_1_132' title='bbox 245 1306 346 1344; x_wconf 86' lang='lat' dir='ltr'><strong>Cum</strong></span> <span class='ocrx_word' id='word_1_133' title='bbox 377 1312 444 1343; x_wconf 89' lang='lat' dir='ltr'><strong>tuo</strong></span> <span class='ocrx_word' id='word_1_134' title='bbox 473 1303 553 1343; x_wconf 86' lang='lat' dir='ltr'><strong>filio</strong></span> <span class='ocrx_word' id='word_1_135' title='bbox 581 1304 702 1342; x_wconf 86' lang='lat' dir='ltr'><strong>libera</strong></span> <span class='ocrx_word' id='word_1_136' title='bbox 731 1304 911 1341; x_wconf 83' lang='lat' dir='ltr'><strong>adcubat.</strong></span> 
     </span>
    </p>

    <p class='ocr_par' dir='ltr' id='par_1_19' title="bbox 244 1366 1571 1417">
     <span class='ocr_line' id='line_1_21' title="bbox 244 1366 1571 1417; baseline -0.005 -9"><span class='ocrx_word' id='word_1_137' title='bbox 244 1371 296 1408; x_wconf 83' lang='lat' dir='ltr'><strong>S1.</strong></span> <span class='ocrx_word' id='word_1_138' title='bbox 355 1369 501 1408; x_wconf 89' lang='lat' dir='ltr'><strong>Omnia</strong></span> <span class='ocrx_word' id='word_1_139' title='bbox 529 1375 572 1406; x_wconf 88' lang='lat' dir='ltr'><strong>ut</strong></span> <span class='ocrx_word' id='word_1_140' title='bbox 602 1368 774 1417; x_wconf 86' lang='lat' dir='ltr'><strong>quidque</strong></span> <span class='ocrx_word' id='word_1_141' title='bbox 804 1367 915 1417; x_wconf 86' lang='lat' dir='ltr'><strong>egisti</strong></span> <span class='ocrx_word' id='word_1_142' title='bbox 944 1366 1081 1406; x_wconf 91' lang='lat' dir='ltr'><strong>ordine</strong></span> <span class='ocrx_word' id='word_1_143' title='bbox 1111 1366 1202 1405; x_wconf 88' lang='lat' dir='ltr'><strong>scio.</strong></span> <span class='ocrx_word' id='word_1_144' title='bbox 1473 1378 1571 1414; x_wconf 83' lang='lat'>1315</span> 
     </span>
    </p>

    <p class='ocr_par' dir='ltr' id='par_1_20' title="bbox 246 1429 1571 1544">
     <span class='ocr_line' id='line_1_22' title="bbox 246 1429 1571 1482; baseline -0.003 -11"><span class='ocrx_word' id='word_1_145' title='bbox 246 1436 311 1471; x_wconf 72' lang='grc' dir='ltr'><strong>ΡΞ.</strong></span> <span class='ocrx_word' id='word_1_146' title='bbox 352 1433 457 1481; x_wconf 86' lang='lat' dir='ltr'><strong>Quid</strong></span> <span class='ocrx_word' id='word_1_147' title='bbox 480 1445 571 1482; x_wconf 87' lang='lat' dir='ltr'><strong>ergo</strong></span> <span class='ocrx_word' id='word_1_148' title='bbox 593 1431 746 1470; x_wconf 83' lang='lat' dir='ltr'><strong>dubitas</strong></span> <span class='ocrx_word' id='word_1_149' title='bbox 768 1433 859 1470; x_wconf 90' lang='lat' dir='ltr'><strong>dare</strong></span> <span class='ocrx_word' id='word_1_150' title='bbox 879 1431 974 1469; x_wconf 90' lang='lat' dir='ltr'><strong>mihi</strong></span> <span class='ocrx_word' id='word_1_151' title='bbox 994 1439 1194 1481; x_wconf 86' lang='lat' dir='ltr'><strong>argentum</strong></span> <span class='ocrx_word' id='word_1_152' title='bbox 1209 1433 1226 1468; x_wconf 89' lang='lat'>?</span> <span class='ocrx_word' id='word_1_153' title='bbox 1277 1431 1329 1469; x_wconf 88' lang='lat' dir='ltr'><strong>SI.</strong></span> <span class='ocrx_word' id='word_1_154' title='bbox 1372 1432 1440 1468; x_wconf 89' lang='lat' dir='ltr'><strong>Ius</strong></span> <span class='ocrx_word' id='word_1_155' title='bbox 1460 1429 1571 1479; x_wconf 90' lang='lat' dir='ltr'><strong>petis,</strong></span> 
     </span>
     <span class='ocr_line' id='line_1_23' title="bbox 352 1499 636 1544; baseline -0.007 -8"><span class='ocrx_word' id='word_1_156' title='bbox 352 1499 499 1544; x_wconf 84' lang='lat' dir='ltr'><strong>fateor;</strong></span> <span class='ocrx_word' id='word_1_157' title='bbox 537 1504 636 1535; x_wconf 90' lang='lat' dir='ltr'><strong>tene.</strong></span> 
     </span>
    </p>
   </div>
   <div class='ocr_carea' id='block_1_8' title="bbox 212 1559 1429 1611">
    <p class='ocr_par' dir='ltr' id='par_1_21' title="bbox 212 1559 1429 1611">
     <span class='ocr_line' id='line_1_24' title="bbox 212 1559 1429 1611; baseline -0.005 -10"><span class='ocrx_word' id='word_1_158' title='bbox 212 1586 227 1600; x_wconf 82' lang='lat'>0</span> <span class='ocrx_word' id='word_1_159' title='bbox 247 1565 309 1601; x_wconf 90' lang='lat' dir='ltr'><strong>Ps.</strong></span> <span class='ocrx_word' id='word_1_160' title='bbox 360 1565 412 1600; x_wconf 84' lang='lat' dir='ltr'><strong>At</strong></span> <span class='ocrx_word' id='word_1_161' title='bbox 442 1563 610 1611; x_wconf 87' lang='lat' dir='ltr'><strong>negabas</strong></span> <span class='ocrx_word' id='word_1_162' title='bbox 640 1561 820 1598; x_wconf 85' lang='lat' dir='ltr'><strong>daturum</strong></span> <span class='ocrx_word' id='word_1_163' title='bbox 851 1573 934 1598; x_wconf 91' lang='lat' dir='ltr'><strong>esse</strong></span> <span class='ocrx_word' id='word_1_164' title='bbox 964 1567 1002 1599; x_wconf 89' lang='lat' dir='ltr'><strong>te</strong></span> <span class='ocrx_word' id='word_1_165' title='bbox 1031 1559 1149 1607; x_wconf 72' lang='lat' dir='ltr'><strong>mihi,</strong></span> <span class='ocrx_word' id='word_1_166' title='bbox 1187 1567 1319 1603; x_wconf 87' lang='lat' dir='ltr'><strong>tamen</strong></span> <span class='ocrx_word' id='word_1_167' title='bbox 1349 1560 1429 1597; x_wconf 76' lang='lat' dir='ltr'><strong>dns.</strong></span> 
     </span>
    </p>
   </div>
   <div class='ocr_carea' id='block_1_9' title="bbox 247 1623 1576 1995">
    <p class='ocr_par' dir='ltr' id='par_1_22' title="bbox 247 1623 1575 1729">
     <span class='ocr_line' id='line_1_25' title="bbox 247 1623 1575 1672; baseline -0.005 -7"><span class='ocrx_word' id='word_1_168' title='bbox 247 1629 380 1666; x_wconf 89' lang='lat' dir='ltr'><strong>Onera</strong></span> <span class='ocrx_word' id='word_1_169' title='bbox 407 1626 515 1664; x_wconf 90' lang='lat' dir='ltr'><strong>hunc</strong></span> <span class='ocrx_word' id='word_1_170' title='bbox 543 1624 744 1663; x_wconf 89' lang='lat' dir='ltr'><strong>hominem</strong></span> <span class='ocrx_word' id='word_1_171' title='bbox 773 1637 819 1662; x_wconf 89' lang='lat' dir='ltr'><strong>ac</strong></span> <span class='ocrx_word' id='word_1_172' title='bbox 849 1637 912 1662; x_wconf 91' lang='lat' dir='ltr'><strong>me</strong></span> <span class='ocrx_word' id='word_1_173' title='bbox 941 1636 1192 1672; x_wconf 88' lang='lat' dir='ltr'><strong>consequere.</strong></span> <span class='ocrx_word' id='word_1_174' title='bbox 1269 1623 1322 1662; x_wconf 88' lang='lat' dir='ltr'><strong>S1.</strong></span> <span class='ocrx_word' id='word_1_175' title='bbox 1384 1624 1474 1660; x_wconf 89' lang='lat' dir='ltr'><strong>Hac</strong></span> <span class='ocrx_word' id='word_1_176' title='bbox 1503 1634 1575 1672; x_wconf 90' lang='lat' dir='ltr'><strong>ego</strong></span> 
     </span>
     <span class='ocr_line' id='line_1_26' title="bbox 352 1687 1203 1729; baseline -0.002 -1"><span class='ocrx_word' id='word_1_177' title='bbox 352 1690 469 1729; x_wconf 87' lang='lat' dir='ltr'><strong>istum</strong></span> <span class='ocrx_word' id='word_1_178' title='bbox 500 1691 690 1728; x_wconf 87' lang='lat' dir='ltr'><strong>onerem?</strong></span> <span class='ocrx_word' id='word_1_179' title='bbox 765 1691 831 1727; x_wconf 86' lang='lat' dir='ltr'><strong>Ps.</strong></span> <span class='ocrx_word' id='word_1_180' title='bbox 889 1689 1080 1728; x_wconf 88' lang='lat' dir='ltr'><strong>Onerabis</strong></span> <span class='ocrx_word' id='word_1_181' title='bbox 1110 1687 1203 1726; x_wconf 89' lang='lat' dir='ltr'><strong>scio.</strong></span> 
     </span>
    </p>

    <p class='ocr_par' dir='ltr' id='par_1_23' title="bbox 248 1752 1574 1858">
     <span class='ocr_line' id='line_1_27' title="bbox 248 1752 1574 1804; baseline -0.004 -11"><span class='ocrx_word' id='word_1_182' title='bbox 248 1757 300 1794; x_wconf 83' lang='lat' dir='ltr'><strong>Sl.</strong></span> <span class='ocrx_word' id='word_1_183' title='bbox 351 1755 459 1803; x_wconf 86' lang='lat' dir='ltr'><strong>Quid</strong></span> <span class='ocrx_word' id='word_1_184' title='bbox 481 1767 553 1804; x_wconf 90' lang='lat' dir='ltr'><strong>ego</strong></span> <span class='ocrx_word' id='word_1_185' title='bbox 573 1754 664 1792; x_wconf 90' lang='lat' dir='ltr'><strong>huic</strong></span> <span class='ocrx_word' id='word_1_186' title='bbox 684 1753 834 1792; x_wconf 87' lang='lat' dir='ltr'><strong>homini</strong></span> <span class='ocrx_word' id='word_1_187' title='bbox 853 1753 1022 1791; x_wconf 87' lang='lat' dir='ltr'><strong>faciam?</strong></span> <span class='ocrx_word' id='word_1_188' title='bbox 1061 1752 1169 1792; x_wconf 89' lang='lat' dir='ltr'><strong>Satin</strong></span> <span class='ocrx_word' id='word_1_189' title='bbox 1191 1752 1292 1790; x_wconf 91' lang='lat' dir='ltr'><strong>ultro</strong></span> <span class='ocrx_word' id='word_1_190' title='bbox 1313 1758 1350 1790; x_wconf 92' lang='lat' dir='ltr'><strong>et</strong></span> <span class='ocrx_word' id='word_1_191' title='bbox 1371 1758 1574 1801; x_wconf 85' lang='lat' dir='ltr'><strong>argentum</strong></span> 
     </span>
     <span class='ocr_line' id='line_1_28' title="bbox 353 1818 838 1858; baseline -0.006 0"><span class='ocrx_word' id='word_1_192' title='bbox 353 1820 476 1858; x_wconf 85' lang='lat' dir='ltr'><strong>aufert</strong></span> <span class='ocrx_word' id='word_1_193' title='bbox 506 1826 545 1857; x_wconf 88' lang='lat' dir='ltr'><strong>et</strong></span> <span class='ocrx_word' id='word_1_194' title='bbox 574 1831 636 1856; x_wconf 88' lang='lat' dir='ltr'><strong>me</strong></span> <span class='ocrx_word' id='word_1_195' title='bbox 666 1818 838 1856; x_wconf 86' lang='lat' dir='ltr'><strong>inridet?</strong></span> 
     </span>
    </p>

    <p class='ocr_par' dir='ltr' id='par_1_24' title="bbox 249 1879 1576 1935">
     <span class='ocr_line' id='line_1_29' title="bbox 249 1879 1576 1935; baseline -0.005 -13"><span class='ocrx_word' id='word_1_196' title='bbox 249 1887 310 1922; x_wconf 84' lang='lat' dir='ltr'><strong>Ps.</strong></span> <span class='ocrx_word' id='word_1_197' title='bbox 369 1885 458 1923; x_wconf 88' lang='lat' dir='ltr'><strong>Uae</strong></span> <span class='ocrx_word' id='word_1_198' title='bbox 487 1882 610 1921; x_wconf 90' lang='lat' dir='ltr'><strong>uictis.</strong></span> <span class='ocrx_word' id='word_1_199' title='bbox 689 1884 742 1920; x_wconf 88' lang='lat' dir='ltr'><strong>S1.</strong></span> <span class='ocrx_word' id='word_1_200' title='bbox 796 1883 923 1921; x_wconf 89' lang='lat' dir='ltr'><strong>Uorte</strong></span> <span class='ocrx_word' id='word_1_201' title='bbox 952 1894 1043 1935; x_wconf 85' lang='lat' dir='ltr'><strong>ergo</strong></span> <span class='ocrx_word' id='word_1_202' title='bbox 1072 1882 1279 1930; x_wconf 83' lang='lat' dir='ltr'><strong>humerum</strong></span> <span class='ocrx_word' id='word_1_203' title='bbox 1307 1879 1412 1917; x_wconf 90' lang='lat' dir='ltr'><strong>mihi.</strong></span> <span class='ocrx_word' id='word_1_204' title='bbox 1476 1892 1576 1928; x_wconf 85' lang='lat'>1320</span> 
     </span>
    </p>

    <p class='ocr_par' dir='ltr' id='par_1_25' title="bbox 248 1948 1337 1995">
     <span class='ocr_line' id='line_1_30' title="bbox 248 1948 1337 1995; baseline -0.004 -10"><span class='ocrx_word' id='word_1_205' title='bbox 248 1950 310 1986; x_wconf 85' lang='lat' dir='ltr'><strong>Ps.</strong></span> <span class='ocrx_word' id='word_1_206' title='bbox 370 1949 455 1985; x_wconf 90' lang='lat' dir='ltr'><strong>Em.</strong></span> <span class='ocrx_word' id='word_1_207' title='bbox 534 1948 586 1985; x_wconf 74' lang='lat' dir='ltr'><strong>Si.</strong></span> <span class='ocrx_word' id='word_1_208' title='bbox 646 1948 740 1984; x_wconf 89' lang='lat' dir='ltr'><strong>Hoc</strong></span> <span class='ocrx_word' id='word_1_209' title='bbox 769 1958 843 1995; x_wconf 90' lang='lat' dir='ltr'><strong>ego</strong></span> <span class='ocrx_word' id='word_1_210' title='bbox 872 1957 1088 1994; x_wconf 88' lang='lat' dir='ltr'><strong>numquam</strong></span> <span class='ocrx_word' id='word_1_211' title='bbox 1117 1952 1222 1982; x_wconf 88' lang='lat' dir='ltr'><strong>ratus</strong></span> <span class='ocrx_word' id='word_1_212' title='bbox 1251 1956 1337 1982; x_wconf 89' lang='lat' dir='ltr'><strong>sum</strong></span> 
     </span>
    </p>
   </div>
   <div class='ocr_carea' id='block_1_10' title="bbox 220 2009 988 2058">
    <p class='ocr_par' dir='ltr' id='par_1_26' title="bbox 220 2009 988 2058">
     <span class='ocr_line' id='line_1_31' title="bbox 220 2009 988 2058; baseline -0.005 -9"><span class='ocrx_word' id='word_1_213' title='bbox 220 2013 348 2053; x_wconf 63' lang='lat' dir='ltr'><strong>5Fore</strong></span> <span class='ocrx_word' id='word_1_214' title='bbox 378 2023 452 2056; x_wconf 87' lang='lat' dir='ltr'><strong>me,</strong></span> <span class='ocrx_word' id='word_1_215' title='bbox 482 2016 525 2048; x_wconf 90' lang='lat' dir='ltr'><strong>ut</strong></span> <span class='ocrx_word' id='word_1_216' title='bbox 554 2009 623 2048; x_wconf 86' lang='lat' dir='ltr'><strong>tibi</strong></span> <span class='ocrx_word' id='word_1_217' title='bbox 653 2011 785 2047; x_wconf 83' lang='lat' dir='ltr'><strong>fierem</strong></span> <span class='ocrx_word' id='word_1_218' title='bbox 814 2009 988 2058; x_wconf 88' lang='lat' dir='ltr'><strong>supplex.</strong></span> 
     </span>
    </p>
   </div>
   <div class='ocr_carea' id='block_1_11' title="bbox 251 2070 1578 2316">
    <p class='ocr_par' dir='ltr' id='par_1_27' title="bbox 251 2070 1576 2187">
     <span class='ocr_line' id='line_1_32' title="bbox 251 2070 1576 2121; baseline -0.002 -9"><span class='ocrx_word' id='word_1_219' title='bbox 251 2076 356 2120; x_wconf 86' lang='lat' dir='ltr'><strong>Heu,</strong></span> <span class='ocrx_word' id='word_1_220' title='bbox 379 2075 466 2121; x_wconf 88' lang='lat' dir='ltr'><strong>heu,</strong></span> <span class='ocrx_word' id='word_1_221' title='bbox 488 2074 586 2112; x_wconf 89' lang='lat' dir='ltr'><strong>heu!</strong></span> <span class='ocrx_word' id='word_1_222' title='bbox 645 2075 707 2111; x_wconf 90' lang='lat' dir='ltr'><strong>Ps.</strong></span> <span class='ocrx_word' id='word_1_223' title='bbox 745 2072 904 2111; x_wconf 83' lang='lat' dir='ltr'><strong>Desine.</strong></span> <span class='ocrx_word' id='word_1_224' title='bbox 964 2073 1017 2110; x_wconf 73' lang='lat' dir='ltr'><strong>Si.</strong></span> <span class='ocrx_word' id='word_1_225' title='bbox 1055 2072 1194 2110; x_wconf 91' lang='lat' dir='ltr'><strong>Doleo.</strong></span> <span class='ocrx_word' id='word_1_226' title='bbox 1254 2072 1318 2109; x_wconf 88' lang='lat' dir='ltr'><strong>Ps.</strong></span> <span class='ocrx_word' id='word_1_227' title='bbox 1350 2070 1404 2109; x_wconf 92' lang='lat' dir='ltr'><strong>Ni</strong></span> <span class='ocrx_word' id='word_1_228' title='bbox 1425 2072 1576 2109; x_wconf 88' lang='lat' dir='ltr'><strong>doleres</strong></span> 
     </span>
     <span class='ocr_line' id='line_1_33' title="bbox 357 2139 727 2187; baseline -0.003 -11"><span class='ocrx_word' id='word_1_229' title='bbox 357 2146 409 2183; x_wconf 91' lang='lat' dir='ltr'><strong>tu,</strong></span> <span class='ocrx_word' id='word_1_230' title='bbox 441 2151 514 2187; x_wconf 85' lang='lat' dir='ltr'><strong>ego</strong></span> <span class='ocrx_word' id='word_1_231' title='bbox 544 2139 727 2176; x_wconf 88' lang='lat' dir='ltr'><strong>dolerem.</strong></span> 
     </span>
    </p>

    <p class='ocr_par' dir='ltr' id='par_1_28' title="bbox 251 2201 1578 2316">
     <span class='ocr_line' id='line_1_34' title="bbox 251 2201 1578 2250; baseline -0.002 -9"><span class='ocrx_word' id='word_1_232' title='bbox 251 2204 304 2242; x_wconf 84' lang='lat' dir='ltr'><strong>SI.</strong></span> <span class='ocrx_word' id='word_1_233' title='bbox 337 2203 474 2250; x_wconf 82' lang='lat' dir='ltr'><strong>Quid?</strong></span> <span class='ocrx_word' id='word_1_234' title='bbox 502 2203 580 2240; x_wconf 88' lang='lat' dir='ltr'><strong>hoc</strong></span> <span class='ocrx_word' id='word_1_235' title='bbox 599 2203 769 2250; x_wconf 83' lang='lat' dir='ltr'><strong>auferen,</strong></span> <span class='ocrx_word' id='word_1_236' title='bbox 793 2202 997 2248; x_wconf 90' lang='lat' dir='ltr'><strong>Pseudole,</strong></span> <span class='ocrx_word' id='word_1_237' title='bbox 1015 2202 1086 2239; x_wconf 91' lang='lat' dir='ltr'><strong>abs</strong></span> <span class='ocrx_word' id='word_1_238' title='bbox 1107 2208 1173 2239; x_wconf 89' lang='lat' dir='ltr'><strong>tuo</strong></span> <span class='ocrx_word' id='word_1_239' title='bbox 1194 2201 1289 2239; x_wconf 86' lang='lat' dir='ltr'><strong>ero?</strong></span> <span class='ocrx_word' id='word_1_240' title='bbox 1327 2201 1390 2239; x_wconf 86' lang='lat' dir='ltr'><strong>Ps.</strong></span> <span class='ocrx_word' id='word_1_241' title='bbox 1424 2201 1578 2238; x_wconf 91' lang='lat' dir='ltr'><strong>Luben-</strong></span> 
     </span>
     <span class='ocr_line' id='line_1_35' title="bbox 359 2267 977 2316; baseline -0.003 -10"><span class='ocrx_word' id='word_1_242' title='bbox 359 2267 511 2306; x_wconf 87' lang='lat' dir='ltr'><strong>tissimo</strong></span> <span class='ocrx_word' id='word_1_243' title='bbox 539 2268 659 2305; x_wconf 91' lang='lat' dir='ltr'><strong>corde</strong></span> <span class='ocrx_word' id='word_1_244' title='bbox 688 2274 805 2316; x_wconf 89' lang='lat' dir='ltr'><strong>atque</strong></span> <span class='ocrx_word' id='word_1_245' title='bbox 833 2267 977 2305; x_wconf 87' lang='lat' dir='ltr'><strong>animo.</strong></span> 
     </span>
    </p>
   </div>
  </div>
 </body>
</html>
