1747 2620
265 128 314 163 30
744 116 1110 156 PSEUDOLUS.
1232 113 1293 168 [II
1319 130 1351 162 1,
1377 130 1514 166 19—2,
1541 131 1588 165 14

265 218 325 255 Eo
346 229 430 255 sum
455 229 596 268 genere
621 224 785 267 gnatus:
816 230 958 267 magna
983 230 1047 256 me
1072 217 1246 256 facinora
1271 219 1385 257 decet
1411 219 1584 266 ecficere,

503 282 616 330 Quae
644 288 735 330 post
763 281 858 319 mihi
887 283 990 319 clara
1018 288 1056 319 et
1084 281 1151 319 diu
1180 282 1345 319 clueant.
1511 284 1585 332 596

263 345 341 384 Sed
360 345 466 383 hunc
485 358 602 394 quem
622 345 751 391 uideo,
774 344 860 394 quis
881 344 943 382 hic
963 352 1032 393 est,
1056 344 1123 394 qui
1144 345 1265 383 oculis
1286 345 1381 384 meis
1403 346 1454 384 ob
1481 347 1586 384 uiam

368 408 552 458 ignobilis
581 408 777 447 obicitur?

263 474 392 512 Lubet
418 473 515 512 scire
541 472 636 523 quid
661 473 726 510 hic
751 472 901 512 uenerit
927 486 1017 511 cum
1043 473 1259 521 machaera,
1284 481 1323 512 et
1349 473 1440 512 huic
1466 487 1585 524 quam

369 551 450 578 rem
479 546 568 588 agat
597 539 690 576 hinc
719 539 822 577 dabo
851 538 1021 577 insidias.

473 645 656 681 HARPAX
685 644 866 683 CACULA.
927 644 1173 681 PSEUDOLUS
1202 643 1373 681 SERUOS.

181 727 243 757 112
265 720 345 757 HA.
405 717 462 756 Hi
491 718 567 756 loci
596 725 687 756 sunt
715 726 833 767 atque
862 719 936 757 hae
964 718 1154 768 regiones‚‘
1184 731 1285 768 quae
1314 717 1408 755 mihi
1437 718 1488 755 ab
1522 730 1587 756 ero

371 789 460 820 sunt
489 783 793 829 demonstratae,

263 849 320 886 Ut
353 859 426 897 ego
459 846 583 884 oculis
617 847 810 885 rationem
844 839 970 897 capio)
1006 859 1123 897 quam
1157 845 1253 885 mihi
1285 846 1339 885 ita
1372 845 1470 885 dixit
1501 858 1589 884 erus

370 924 481 950 meus
510 911 632 959 miles,
1511 912 1588 948 600

264 979 471 1027 Septumas
504 989 589 1015 esse
622 975 730 1015 aedis
765 989 789 1014 a
820 983 944 1027 porta,
979 976 1048 1015 ubi
1081 976 1145 1015 ille
1178 975 1328 1015 habitet
1361 976 1462 1023 leno,
1496 975 1589 1025 quoi

370 1049 480 1080 iussu

265 1107 495 1156 Symbolum
523 1119 587 1145 me
614 1107 712 1144 ferre
741 1113 780 1144 et
808 1106 885 1144 hoc
913 1113 1126 1156 argentum.

231 1190 244 1212 5
265 1171 393 1210 Nimis
425 1171 544 1210 uelim
582 1179 731 1210 certum
765 1171 834 1220 qui
865 1171 906 1210 id
939 1171 1035 1209 mihi
1071 1170 1199 1218 faciat,
1235 1170 1358 1210 Ballio
1395 1172 1487 1210 leno
1522 1168 1590 1222 ubi

370 1236 434 1274 hic
462 1235 622 1275 habitat.

266 1302 329 1340 Ps.
388 1302 440 1347 St,
471 1308 558 1339 tace
586 1308 696 1349 tace3
735 1313 846 1339 meus
875 1299 939 1339 hic
967 1306 1026 1338 est
1054 1300 1186 1346 homo,
1220 1298 1260 1337 ni
1289 1311 1427 1338 omnes
1462 1298 1502 1338 di
1535 1311 1591 1336 me

221 1390 250 1402 A
370 1373 489 1415 atque
517 1364 696 1403 homines
725 1365 920 1403 deserunt.

265 1431 385 1468 Nouo
412 1428 576 1468 consilio
605 1441 711 1467 nunc
738 1428 836 1466 mihi
863 1441 962 1478 opus
991 1435 1073 1477 est3
1110 1441 1216 1467 noua
1243 1441 1303 1467 res
1332 1427 1462 1466 subito
1492 1427 1589 1465 mihi

370 1495 469 1534 haec
497 1494 652 1534 obiecta
681 1502 749 1533 est.
1513 1494 1586 1542 605

266 1561 360 1599 Hoc
395 1567 621 1610 praeuortar
657 1558 877 1609 principi03
922 1558 989 1597 illa
1026 1558 1144 1597 missa
1181 1558 1310 1597 habeo
1355 1569 1455 1607 quae
1498 1564 1590 1595 ante

371 1638 489 1676 agere
512 1626 660 1674 occepi.

266 1693 352 1729 Iam
372 1691 440 1741 pol
460 1703 533 1740 ego
552 1691 659 1728 hunc
679 1688 936 1728 stratioticum
957 1688 1140 1728 nuntium
1163 1688 1441 1728 aduenientem
1467 1687 1588 1738 probe

372 1755 604 1807 percutiam„

220 1841 252 1858 10
269 1822 348 1859 HA.
408 1819 585 1860 ¹Ostium
608 1820 776 1869 pultabo*
796 1826 915 1868 atque
940 1818 1044 1858 intus
1073 1819 1251 1858 euocabo
1279 1817 1448 1868 aliquem
1474 1819 1586 1856 foras.

269 1886 331 1922 Ps.
391 1883 576 1933 Quisquis
601 1896 655 1928 es,
675 1882 944 1932 conpendium
972 1894 1048 1932 ego*
1070 1890 1108 1920 te
1127 1883 1254 1920 facere
1273 1881 1452 1931 pultandi
1472 1881 1564 1919 uolo
1578 1894 1588 1928 3

268 1949 372 1986 Nam
401 1960 473 1998 ego
502 1954 679 1998 precator
707 1954 746 1985 et
773 1953 960 1997 patronus
988 1945 1135 1984 foribus
1163 1945 1335 1995 processi
1362 1946 1475 1983 foras.
1513 1946 1589 1982 610

268 2014 347 2050 HA.
407 2014 522 2052 Tune
554 2025 596 2052 es
629 2010 783 2051 Ballio?
856 2012 920 2050 ΡΞ.
979 1995 1111 2050 Immo
1144 2022 1238 2049 uero
1272 2022 1344 2059 ego
1382 2008 1465 2047 eius
1503 2021 1589 2047 sum

401 2078 481 2115 ubb
506 2076 547 2114 li
575 2105 583 2114 .

268 2141 349 2179 ΗΑ.
373 2077 644 2190 ΞΩυίῗίὶίἒωο
676 2138 787 2179 uerbi
819 2140 907 2178 est?
980 2139 1044 2176 Ps.
1103 2136 1266 2177 Condus
1298 2148 1459 2188 promus
1489 2132 1588 2183 sum,

373 2211 602 2257 procurator
629 2204 733 2254 peni.

628 2285 643 2309 ²
665 2286 826 2320 Trochaic
841 2280 1028 2330 septenarii,
1047 2284 1229 2327 608-770.
