1747 2620
144 138 210 176 III
234 150 266 183 2,
290 132 463 187 31—62]
617 135 983 174 PSEUDOLUS.
1415 149 1462 183 41

144 240 236 278 Non
265 237 527 277 condimentis
555 235 757 285 condiunt,
789 237 857 275 sed
886 235 1077 286 strigibus,

144 301 258 357 Uiuis
286 300 463 339 conuiuis
491 300 674 339 intestina
702 313 802 350 quae
831 299 1001 347 exedint‚
1390 302 1463 351 825

144 368 237 406 Hoc
265 366 328 404 hic
357 365 516 415 quidem
545 365 724 404 homines
753 372 832 403 tam
861 365 1020 404 breuem
1049 364 1172 403 uitam
1200 366 1345 413 colunt,

143 433 274 481 Quom
300 431 416 469 hasce
442 431 581 469 herbas
607 429 721 468 huius
746 429 855 468 modi
880 430 920 468 in
947 443 1059 468 suum
1089 431 1221 469 aluom
1249 438 1465 481 congerunt

93 507 124 532 35
144 495 433 535 Formidulosas
462 494 580 540 dictu,
612 507 691 532 non
720 507 787 532 esu
817 495 950 540 modo,

144 561 250 609 Quas
279 560 418 597 herbas
447 560 618 608 pecudes
647 571 728 596 non
757 559 891 604 edunt,
920 557 1099 597 homines
1127 559 1259 598 edunt.

143 627 212 663 BA.
271 624 408 673 Quid?
439 631 480 662 tu
510 622 654 662 diuinis
682 622 944 662 condimentis
972 632 1091 671 utere,
1389 625 1465 674 830

144 689 223 738 Qui
252 701 459 739 prorogare
487 688 609 726 uitam
638 688 765 737 possis
795 688 1033 735 hominibus,

143 753 223 802 Qui
253 766 298 791 ea
326 755 460 803 culpes
490 752 772 791 condimenta?
845 753 918 792 Co.
975 754 1175 792 Audacter
1203 752 1347 801 dicit03

91 838 124 861 40
144 821 246 857 Nam
275 820 337 857 uel
366 819 540 857 ducenos
569 831 693 856 annos
722 825 904 867 poterunt
932 816 1064 857 uiuere

144 885 257 922 Meas
286 882 353 932 qui
383 883 576 921 esitabunt
605 895 714 921 escas
743 883 850 931 quas'
868 881 1092 920 condiuero.

143 949 246 985 Nam
277 960 349 997 ego
378 947 619 984 cicilindrum
649 948 809 996 quando
838 946 877 984 in
906 946 1057 996 patinas
1087 947 1210 984 indidi
1390 948 1464 997 835

125 1013 223 1067 Aut
250 1011 522 1060 cepolindrum
551 1018 617 1049 aut
646 1010 861 1049 maccidem
891 1019 956 1049 aut
985 1011 1228 1060 sicaptidem‚

144 1077 261 1124 Ipsae
291 1089 332 1114 se
361 1075 518 1124 patinae
548 1075 802 1114 feruefaciunt
832 1075 932 1113 ilico.

93 1157 124 1181 45
145 1141 259 1178 Haec
287 1141 338 1179 ad
369 1140 544 1189 Neptuni
573 1141 744 1190 pecudes
774 1141 1026 1179 condimenta
1056 1148 1168 1188 sunt3

143 1204 351 1243 Terrestris
379 1206 550 1254 pecudes
580 1204 845 1244 sicimalindro
871 1204 1016 1242 condio

142 1271 222 1308 Aut
250 1269 456 1319 hapalopsi
486 1276 551 1307 aut
579 1269 816 1307 cataractria.
893 1271 965 1307 BA.
1023 1271 1076 1308 At
1104 1277 1142 1308 te
1174 1269 1350 1320 Iuppiter
1391 1272 1468 1318 840

144 1333 276 1382 Dique
304 1346 442 1372 omnes
471 1334 636 1383 perdant
665 1347 756 1371 cum
786 1333 1049 1371 condimentis
1079 1333 1153 1372 tuis

144 1398 326 1447 Cumque
355 1397 429 1437 tuis
457 1398 539 1436 istis
569 1398 753 1437 omnibus
783 1398 1009 1449 mendaciis.

95 1483 125 1508 50
144 1464 216 1503 Co.
274 1463 367 1501 Sine
395 1462 446 1501 sis
474 1462 582 1512 loqui
611 1476 685 1502 me.
750 1464 819 1502 BA.
860 1465 1041 1512 Loquere
1068 1471 1186 1513 atque
1214 1465 1231 1501 ἱ
1257 1464 1296 1502 in
1325 1465 1467 1501 malam

249 1541 417 1566 crucem.

144 1594 216 1632 Co.
276 1593 358 1634 Ubi
387 1606 524 1632 omnes
552 1593 709 1643 patinae
738 1595 903 1641 feruont,
934 1594 1062 1632 omnis
1091 1594 1221 1644 aperio
1235 1609 1247 1643 3

145 1658 185 1695 Is
214 1657 318 1704 odos'
341 1657 510 1696 dimissis
539 1659 718 1697 manibus
748 1659 786 1697 in
817 1660 966 1698 caelum
997 1661 1128 1707 uolat3
1393 1662 1467 1710 845

144 1723 245 1760 Eum
275 1723 438 1761 odorem
467 1730 581 1761 cenat
612 1723 787 1773 Iuppiter
816 1725 985 1764 cottidie.

144 1788 214 1826 BA.
274 1787 385 1826 Odos
414 1787 582 1826 dimissis
612 1789 821 1827 manibus?
894 1790 966 1829 Co.
1026 1788 1193 1827 Peccaui
1221 1788 1399 1828 insciens.

94 1871 125 1894 55
144 1853 213 1889 BA.
273 1852 350 1900 Qui
380 1853 503 1890 dum?
576 1841 649 1893 Co.
709 1854 913 1892 ‘Dimissis
943 1854 1132 1904 pedibus'
1162 1854 1269 1893 uolui
1299 1855 1438 1893 dicere.

144 1917 214 1954 ΒΑ.
267 1905 312 1954 'Si
340 1930 532 1966 nusquam
562 1925 718 1956 coctum
748 1918 790 1967 is,
821 1919 1010 1968 quidnam
1040 1926 1154 1958 cenat
1184 1919 1390 1969 Iuppiter?

144 1982 215 2020 CO.
277 1983 313 2020 It
333 1981 537 2021 incenatus
558 1984 744 2023 cubitum.
804 1986 872 2022 BA.
915 1986 933 2022 I
955 1984 995 2022 in
1015 1986 1157 2022 malam
1178 1998 1343 2023 crucem.
1394 1987 1470 2035 850

144 2044 314 2098 Istacine
342 2059 460 2084 causa
487 2046 556 2085 tibi
586 2047 704 2086 hodie
733 2060 939 2086 nummum
968 2049 1102 2087 dabo?

144 2109 216 2148 CO.
275 2111 415 2149 Fateor
443 2110 624 2160 equidem
655 2124 718 2150 me
747 2124 832 2150 esse
860 2125 1032 2162 coquom
1061 2112 1320 2152 carissumum
1334 2128 1345 2162 3

94 2186 127 2210 εο
145 2174 293 2211 Uerum
322 2187 393 2224 pro
421 2175 545 2224 pretio
573 2175 675 2214 facio
704 2183 746 2214 ut
774 2189 894 2226 opera
922 2178 1108 2226 adpareat

147 2237 240 2275 Mea
268 2250 346 2287 quo
375 2240 593 2278 conductus
622 2240 752 2279 uenio.
827 2243 896 2279 BA.
954 2242 1018 2280 Ad
1046 2243 1254 2281 furandum
1283 2242 1454 2292 quidem.

146 2301 219 2340 Co.
277 2303 341 2339 An
369 2310 411 2341 tu
440 2303 614 2344 inuenire
642 2306 817 2355 postulas
846 2318 1084 2356 quemquam
1113 2319 1283 2356 coquom
1394 2308 1468 2356 855
