1747 2620
296 163 348 200 34
775 151 1141 195 RSEUDOLUS.
1290 150 1350 205 [II
1373 166 1407 202 3,
1434 167 1572 201 10—4,
1595 167 1617 204 3

249 255 383 304 10133m
413 252 599 300 instituta,
630 260 769 292 ornata
806 260 949 292 cuncta
984 253 1025 292 in
1062 253 1210 300 ordine,
1241 253 1373 293 animo
1410 262 1453 294 ut
1489 257 1619 295 uolue-

400 330 494 364 ram,

296 372 664 430 Certa‚⁷deformata
686 371 881 421 habebam
895 397 906 432 3
935 383 1004 421 sed
1031 384 1207 432 profecto
1232 383 1309 421 hoc
1335 382 1390 422 sic
1415 384 1511 422 erit:
1541 385 1618 422 680

266 481 270 496 ‚
296 448 466 486 Centum
493 447 653 485 doctum
679 447 885 485 hominum
911 448 1076 486 consilia
1101 448 1184 485 sola
1211 447 1307 485 haec
1333 448 1505 487 deuincit
1530 449 1616 494 dea,

288 512 477 548 Fortuna.
528 513 657 560 Atque
676 511 752 548 hoc
772 523 906 549 uerum
928 520 1008 550 est:
1037 512 1203 561 proinde
1223 519 1265 549 ut
1285 511 1449 561 quisque
1464 513 1619 551 fortuna

399 575 528 622 utitur,

295 641 357 677 Ita
384 640 593 688 praecellet
621 646 739 689 atque
768 638 907 678 exinde
936 652 1071 689 sapere
1101 653 1190 679 eum
1220 653 1358 679 omnes
1388 640 1566 679 dicimus.

248 722 277 745 15
297 705 403 741 Bene
430 704 496 742 ubi
523 703 615 753 quoi
644 703 752 753 quod
778 703 922 742 scimus
951 703 1158 742 consilium
1186 704 1386 752 accidisse,
1417 705 1618 743 hominem

400 776 536 811 catum,

295 833 397 870 Eum
436 845 519 871 esse
557 833 811 879 declaramus,
846 833 1008 871 stultum
1045 840 1177 871 autem
1214 833 1335 881 illum,
1371 835 1469 884 quoi
1499 834 1619 873 uortit

334 907 339 911 “
400 893 539 936 males
1542 901 1615 948 685

295 962 409 1002 Stulti
438 963 543 1001 haud
572 958 727 1009 scimus,
755 963 894 1001 frustra
923 970 965 1001 ut
994 963 1123 1009 simus,
1152 976 1272 1012 quom
1298 964 1392 1013 quid
1419 963 1620 1013 cupienter

401 1027 484 1066 dari

296 1091 469 1131 Petimus
499 1086 624 1138 no‘bis,
655 1092 765 1143 quasi
794 1093 890 1142 quid
918 1093 959 1131 in
988 1106 1069 1132 rem
1099 1093 1148 1132 sit
1176 1092 1371 1143 possimus
1399 1105 1572 1132 noscere.

297 1159 414 1196 Certa
442 1157 642 1203 mittimus,
674 1158 770 1195 dum
799 1157 946 1195 incerta
974 1157 1155 1207 petimus,
1186 1165 1303 1207 atque
1333 1159 1409 1195 hoc
1437 1157 1562 1196 euenit

246 1245 277 1261 20
297 1223 344 1259 In
373 1222 507 1260 labore
536 1228 654 1270 atque
683 1220 723 1258 in
753 1221 898 1267 dolore,
929 1229 971 1259 ut
1001 1235 1105 1260 mors
1134 1223 1299 1271 obrepat
1327 1220 1492 1259 interim.

296 1286 373 1324 Sed
410 1285 487 1322 iam
527 1285 618 1322 satis
656 1293 715 1323 est
753 1286 1100 1334 philosophatum3
1139 1285 1253 1323 nimis
1287 1285 1354 1324 diu
1387 1293 1426 1323 et
1457 1287 1619 1335 longum

402 1350 550 1398 loquor.
1542 1351 1618 1399 690

298 1413 350 1451 Di
378 1413 615 1458 inmortales,
647 1413 880 1463 aurichalco·
898 1421 1034 1452 contra
1062 1426 1143 1452 non
1173 1427 1304 1452 carum
1334 1413 1405 1451 fuit

298 1480 436 1516 Meum
465 1477 727 1525 mendacium,
757 1478 819 1516 hic
848 1480 967 1517 modo
996 1479 1104 1528 quod
1132 1479 1261 1517 subito
1290 1486 1523 1516 conmentus
1551 1477 1616 1524 fui,

298 1543 400 1591 Quia
429 1542 580 1581 lenonis
610 1555 672 1580 me
702 1555 787 1581 esse
817 1542 907 1581 dixi.
967 1544 1086 1580 Nunc
1114 1555 1187 1592 ego
1216 1543 1291 1579 hac
1319 1543 1485 1590 epistula

248 1626 279 1649 25
296 1607 383 1646 Tris
415 1608 611 1654 deludam,
642 1620 751 1645 erum
784 1615 823 1645 et
856 1608 1038 1645 lenonem
1073 1614 1112 1645 et
1145 1606 1212 1656 qui
1247 1607 1349 1644 hanc
1382 1606 1492 1645 dedit
1523 1605 1618 1644 mihi

403 1670 620 1720 epistulam.

298 1737 506 1785 Eugepae!
555 1737 675 1772 Porro
695 1734 800 1773 aliud
820 1742 951 1773 autem
971 1735 1079 1784 quod
1099 1733 1307 1784 cupiebam
1328 1731 1513 1783 contigit:
1540 1734 1615 1782 695

298 1799 422 1838 Uenit
451 1811 588 1837 eccum
619 1798 849 1846 Calidoru53
882 1800 991 1836 ducit
1021 1798 1153 1837 nescio
1183 1811 1300 1847 quem
1330 1796 1613 1843 secumjsimul.

477 1950 731 1996 CALIDORUS,
763 1951 1002 1996 CHARINUS,
1030 1952 1359 1989 ADULESCENTES
1386 1949 1442 1988 II.

732 2015 977 2052 PSEUDOLUS
1006 2015 1178 2052 SERUOS.

191 2127 282 2163 ,114
299 2118 369 2156 CA.
429 2117 570 2155 Dulcia
597 2124 716 2166 atque
744 2129 874 2154 amara
902 2116 1007 2165 apud
1036 2122 1075 2154 te
1102 2128 1188 2153 sum
1218 2116 1394 2153 elocutus
1423 2115 1578 2163 omnia;

298 2180 379 2218 Scis
407 2193 592 2226 amorem,
623 2180 697 2217 scis
726 2179 912 2225 laborem,
942 2178 1016 2216 scis
1045 2186 1256 2227 egestatem
1285 2191 1425 2216 meam.

300 2244 376 2282 CH.
435 2241 684 2281 Conmemini
711 2241 868 2287 omnia,
896 2241 937 2279 id
964 2250 1004 2278 tu
1032 2241 1163 2287 modo,
1186 2253 1248 2279 me
1274 2240 1368 2290 quid
1395 2240 1452 2278 uis
1477 2242 1616 2288 facere,

405 2308 466 2345 fac
494 2307 626 2346 sciam.
