1747 2620
235 150 284 187 86
716 150 826 188 PSE
836 149 994 187 UDOL
1005 150 1081 188 US.

298 255 367 283 265.
416 260 494 283 cum
509 253 616 287 lucro,
636 251 680 282 ‘if
691 250 743 283 it's
759 257 793 283 to
809 263 889 293 your
905 264 978 284 own
996 252 1202 294 advantage.'

299 308 368 336 267.
416 309 534 344 atque,
559 306 639 336 ‘and
658 306 774 337 what's
790 308 904 343 m01·e,'
922 308 960 338 cf.
982 309 1041 338 As.
1059 317 1132 346 414,
1150 308 1240 338 Trin.
1259 316 1331 348 474.

297 361 493 396 pon-iciam,
515 360 608 390 ‘offer
624 360 672 390 sor
689 360 855 391 sacrifice?
901 361 982 392 This
999 362 1024 392 is
1042 362 1173 392 Roman
1190 361 1295 400 ritual‚
1315 367 1372 394 not
1389 363 1510 395 Greek.

298 415 436 444 interea
457 415 525 444 loci
546 425 659 445 occurs
684 415 775 445 Men.
797 414 868 455 446,
893 416 968 446 Ter.
991 416 1076 446 Eun.
1104 415 1172 453 126,
1200 425 1272 456 255,
1293 417 1399 448 adhuc
1420 418 1560 449 locorum

237 466 331 508 Capt.
363 469 434 507 385,
458 469 602 507 postidea
627 469 686 499 loci
710 469 812 500 Stich.
841 471 913 508 758,
931 474 1006 510 post
1026 470 1062 500 id
1080 471 1219 501 locorum
1240 471 1336 501 Truc.
1368 479 1423 503 111.
1455 482 1482 503 1·
1511 471 1560 508 16,

238 520 337 551 Poen.
360 529 383 551 1.
407 531 433 551 1.
456 521 502 560 16,
522 523 597 552 inde
616 523 674 552 loci
689 522 786 553 Lucr.
803 531 836 553 v.
854 532 928 564 437,
947 524 993 554 ad
1005 524 1042 554 id
1054 525 1193 555 lasarum
1212 524 1283 554 Liv.
1304 532 1396 555 XXII.
1415 527 1465 565 38,
1484 531 1557 563 etc„

238 575 316 606 Sall.
335 576 404 616 Iug.
428 575 479 616 63.
527 577 567 606 In
592 576 635 607 all
660 576 752 607 these
771 577 934 608 instances
953 578 1037 609 locus
1059 578 1117 608 has
1138 579 1193 609 the
1214 578 1369 619 meaning
1395 578 1432 609 of
1458 579 1557 617 Time,

237 630 291 660 the
314 636 422 671 stages
445 630 482 661 of
508 631 740 671 development
766 631 866 672 being
889 632 982 673 place
1004 644 1054 660 —>
1077 632 1220 673 position
1242 644 1293 660 —>
1314 632 1562 664 circumstances

236 698 285 712 —›
301 687 403 724 καιρὸς
427 699 469 714 ->
484 686 562 716 time
579 686 611 716 in
627 685 770 726 general.

301 742 370 771 268.
415 748 489 771 rem
505 742 672 778 diuinam,
695 740 764 771 ‘the
781 740 890 771 divine
907 740 1022 772 office!

301 797 369 825 269.
418 795 554 831 pietat-i,
580 794 720 824 ‘solemn
738 793 843 835 duty‚'
860 794 913 825 i.e.
931 795 1020 825 lucro
1027 795 1188 835 faciendo.

301 851 372 880 271.
410 856 510 879 serue
522 851 667 878 Athem's
682 856 853 885 pessume,
871 850 949 889 ‘you
963 854 1047 879 most
1063 849 1199 889 rascally
1211 848 1298 880 slave
1311 849 1344 880 in
1357 848 1401 879 all
1414 847 1564 885 Athens‚’

243 902 410 942 :pessime
422 913 588 933 seruorum
605 903 666 944 qui
676 902 815 933 Athenis
830 908 919 933 sunt.
952 903 1139 944 Colloquial
1152 904 1247 935 Latin
1256 915 1265 942 ;
1284 904 1398 936 Cicero
1411 904 1565 945 carefully

238 956 351 986 avoids
367 956 446 986 such
463 956 712 987 constructions.

302 1012 372 1041 272.
420 1012 597 1041 arbitratu
613 1016 687 1046 etc.‚
704 1010 758 1041 i.e.
778 1021 852 1051 may
865 1011 920 1042 the
935 1012 1018 1052 gods
1033 1017 1115 1043 treat
1130 1023 1194 1053 you
1210 1023 1245 1043 as
1260 1012 1363 1043 either
1378 1022 1434 1054 my
1445 1017 1565 1045 master

238 1073 275 1093 or
291 1063 306 1093 1
324 1062 418 1094 think
434 1064 511 1104 they
527 1063 656 1099 should,
674 1074 719 1095 sc.
735 1064 846 1105 badly.

302 1121 372 1149 273.
417 1120 497 1154 alio,
515 1129 558 1149 sc.
579 1123 617 1148 ut
631 1119 762 1149 ameris.

303 1175 373 1203 274.
417 1176 568 1208 amatur,
594 1173 804 1213 impersonal,
824 1172 890 1204 and
913 1184 956 1204 on
979 1174 1034 1205 the
1058 1173 1198 1216 analogy
1216 1180 1324 1216 egelur
1344 1174 1372 1206 is
1394 1175 1566 1216 comically

239 1226 375 1257 formed.
433 1226 483 1258 Cf.
518 1226 574 1257 inf.
605 1236 665 1266 457
697 1231 806 1257 statur
835 1228 882 1258 ad
907 1228 996 1258 lzunc
1026 1229 1177 1265 modum‚·
1208 1239 1244 1260 so
1271 1230 1345 1260 Ter.
1376 1229 1461 1260 Eun.
1490 1237 1564 1269 271,

242 1280 329 1310 Pers.
359 1290 402 1320 17.

303 1335 372 1364 2¹15.
422 1333 493 1364 The
515 1334 669 1375 meaning
690 1333 726 1370 is,
746 1334 796 1365 I'd
818 1335 888 1375 pity
904 1345 966 1375 you
989 1335 1053 1365 and
1075 1335 1119 1366 let
1140 1346 1204 1376 you
1226 1335 1275 1366 off
1293 1335 1347 1366 the
1367 1346 1487 1376 money
1501 1346 1564 1376 you

240 1399 311 1419 owe
334 1399 386 1419 me
411 1389 459 1418 sor
484 1388 771 1427 Philocomasium,
791 1390 848 1420 but
873 1389 900 1420 if
921 1390 937 1420 I
959 1390 1003 1420 do
1026 1390 1096 1421 that
1119 1395 1186 1421 sort
1207 1390 1245 1421 of
1265 1390 1358 1431 thing
1379 1391 1455 1421 how
1475 1401 1528 1421 am
1548 1391 1564 1421 Ι

241 1442 340 1483 going
355 1447 389 1473 to
405 1448 542 1482 support
559 1453 613 1482 my
628 1442 834 1473 household?

304 1500 374 1528 277.
419 1498 493 1527 scin
509 1499 593 1533 quid
609 1505 672 1528 nos
686 1499 858 1536 uolumuS,
875 1497 971 1529 indie.
990 1497 1022 1528 in
1040 1498 1134 1529 indir.
1153 1498 1315 1539 question.
1347 1499 1398 1530 Cf.
1416 1498 1486 1530 infr.
1504 1498 1567 1530 660

239 1552 309 1583 scin
327 1553 412 1593 quid
431 1557 460 1583 te
479 1563 545 1590 oro,
564 1552 656 1582 Men.
674 1562 713 1592 4²
719 1562 734 1591 5
752 1552 821 1583 scin
844 1552 928 1593 quid
946 1557 973 1584 le
996 1553 1108 1583 amabo
1129 1557 1167 1583 ut
1178 1553 1300 1594 facias,
1321 1554 1382 1594 538
1401 1554 1471 1584 scin
1487 1553 1572 1595 quid

242 1605 289 1636 mi
304 1605 341 1636 in
363 1611 494 1636 mentem
517 1606 617 1641 uenit,
642 1606 734 1636 Trin.
754 1615 815 1645 350
830 1606 900 1636 scin
920 1606 1004 1647 quid
1016 1606 1146 1637 cantari
1162 1607 1249 1643 solet,
1267 1606 1358 1637 Men.
1377 1615 1448 1647 207,
1473 1616 1563 1647 1154,

242 1658 329 1689 Rud.
350 1658 442 1693 1216,
460 1660 533 1690 Ter.
553 1659 638 1690 Eun.
657 1661 729 1700 338,
752 1660 834 1691 Hec.
858 1668 918 1700 753
935 1666 996 1691 etc.

306 1713 348 1743 In
363 1712 540 1753 criticising
556 1713 599 1743 all
616 1712 707 1743 these
723 1713 886 1744 instances
902 1719 979 1744 note

350 1769 396 1805 (α)
429 1768 498 1798 that
524 1768 578 1798 the
602 1767 778 1799 indicative
802 1767 985 1809 frequently
1007 1779 1119 1799 occurs
1142 1769 1176 1799 in
1199 1768 1375 1810 colloquial
1399 1768 1496 1799 Latin
1519 1767 1567 1800 for

243 1822 297 1853 the
321 1823 400 1854 sake
427 1822 464 1853 of
487 1822 660 1859 vividness,
690 1822 797 1853 where
826 1823 997 1863 Augustam
1027 1823 1150 1854 writers
1175 1823 1302 1863 usually
1327 1828 1386 1864 put
1412 1823 1467 1855 the
1492 1822 1566 1853 sub-

240 1877 404 1918 junctive;

352 1932 398 1972 (β)
429 1933 498 1963 scz'n
525 1942 630 1963 seems
655 1936 688 1962 to
713 1932 797 1963 have
824 1932 886 1963 lost
910 1931 951 1962 its
976 1931 1205 1972 individuality
1226 1942 1261 1962 as
1282 1932 1392 1970 scisne,
1419 1931 1478 1962 ‘do
1503 1941 1566 1973 you

243 1988 367 2026 know‚’
393 1988 459 2018 and
486 1992 520 2018 to
547 1987 630 2018 have
656 1987 791 2018 become
817 1997 836 2017 a
860 1996 948 2017 mere
973 1986 1100 2027 phrase,
1129 1985 1195 2026 just
1222 1997 1256 2017 as
1283 1986 1382 2017 nescio
1407 1986 1441 2016 in
1468 1986 1568 2017 nescio

243 2041 316 2082 quis
338 2048 397 2071 etc.

307 2098 376 2126 278.
422 2097 512 2130 quod
527 2098 563 2126 te
578 2103 792 2132 reuocamus,
812 2095 882 2126 ‘the
899 2094 992 2135 thing
1008 2094 1114 2125 which
1131 2104 1179 2125 we
1195 2093 1300 2125 called
1315 2104 1378 2134 you
1395 2093 1480 2125 back
1495 2093 1566 2125 for.’

245 2149 296 2180 Cf.
312 2148 385 2180 infr.
405 2148 464 2188 642
489 2155 527 2180 ut
548 2150 587 2180 z'd
602 2160 697 2189 agam
715 2150 801 2190 quod
818 2149 936 2180 missus
950 2149 1013 2179 huc
1028 2157 1110 2184 sum,
1129 2149 1224 2180 Cure.
1242 2157 1302 2187 457
1319 2148 1467 2189 quidhoc
1485 2148 1572 2189 quod

243 2204 290 2234 ad
308 2209 336 2234 te
356 2205 461 2242 uenio,
482 2204 525 2234 ib.
547 2214 607 2244 327
629 2204 686 2235 sed
696 2204 784 2244 quod
802 2208 831 2234 te
852 2203 931 2233 misi
951 2203 1054 2233 nihilo
1074 2213 1148 2233 sum
1170 2202 1294 2237 certior,
1318 2201 1407 2232 Men.
1431 2200 1490 2241 765
1515 2212 1569 2232 nec

244 2259 329 2300 quid
347 2259 384 2289 id
401 2259 446 2289 sit
469 2259 556 2289 milzz'
577 2259 694 2289 certius
712 2258 804 2299 facit
825 2258 913 2298 quod
931 2267 980 2287 me
1003 2261 1147 2291 arcessat,
1172 2256 1214 2287 ib.
1243 2255 1305 2295 664
1324 2256 1395 2286 scin
1418 2255 1502 2297 quid
1525 2260 1569 2287 est

244 2314 331 2354 quod
349 2323 402 2353 ego
422 2313 468 2343 ad
487 2317 514 2343 te
537 2313 640 2350 uenio,
662 2312 759 2343 Most.
789 2322 804 2351 7
810 2321 826 2351 3
832 2321 847 2351 5
875 2320 963 2341 nunc
985 2310 1040 2340 hoc
1062 2309 1148 2350 quod
1166 2309 1213 2339 ad
1230 2313 1259 2339 te
1282 2313 1386 2339 noster
1407 2319 1456 2339 me
1476 2309 1568 2339 misit

244 2379 350 2403 senex,
373 2368 414 2399 ib.
438 2377 508 2408 774,
533 2367 632 2409 Epid.
659 2377 729 2408 132,
747 2375 820 2406 452,
847 2365 946 2396 Poen.
969 2374 1041 2406 954,
1064 2363 1166 2395 Stich.
1193 2373 1262 2404 ¹3¹·
1308 2363 1353 2395 So
1373 2363 1416 2398 id,
1440 2363 1562 2404 Amph.
