1747 2620
178 144 196 182 Ι
218 156 252 192 3,
280 140 504 194 136—155]
654 142 933 180 PSEUDOL
944 142 1018 181 US.
1456 154 1499 178 21

174 248 245 288 CA.
306 246 508 296 Legirupa.
580 247 650 284 ΒΑ.
711 246 863 285 Ualide.
923 247 986 284 Ps.
1045 245 1249 284 Permities
1278 246 1504 284 adulescen-

281 320 376 350 tum.
453 312 524 349 BA.
583 313 805 350 Acerrume.
1427 312 1500 359 365

175 376 245 416 CA.
305 376 392 413 Fur.
463 376 530 413 BA.
591 376 730 413 Babae.
802 377 864 414 Ps.
923 375 1112 424 Fugitiue.
1183 375 1253 412 ΒΑ.
1313 375 1501 412 Bombax.

281 441 354 480 CA.
413 442 534 479 Fraus
561 440 680 490 popli.
758 441 829 477 BA.
888 439 1142 478 Planissume.

177 507 238 543 Ps.
296 504 570 542 Fraudulente.
667 504 740 542 CA.
799 505 946 553 Inpure
983 504 1085 542 leno.
1189 505 1253 541 Ps.
1313 504 1499 541 Caenum.

283 570 353 606 ΒΑ.
413 568 604 606 Cantores
632 567 787 617 probos.

174 634 246 673 CA.
306 631 573 671 Uerberauisti
601 639 749 681 patrem
780 639 898 680 atque
928 638 1102 670 matrem.
1163 632 1232 669 BA.
1285 633 1414 680 Atque
1443 642 1505 668 oc-

282 696 361 735 cidi
390 709 547 745 quoque
1362 746 1364 748 Ι

111 780 158 802 ¹40
180 760 312 799 Potius
341 773 459 810 quam
488 759 618 797 cibum
648 758 917 808 praehiberem
927 772 937 805 ;
965 771 1060 796 num
1088 758 1251 807 peccaui
1278 758 1506 808 quidpiam?

177 828 239 864 ΡΞ.
298 827 348 863 In
385 833 586 875 pertusum
618 823 829 874 ingerimus
863 824 967 862 dicta
1001 824 1174 871 dolium3
1215 837 1375 874 operam
1409 825 1506 862 ludi-

283 903 380 928 mus.
1430 901 1505 939 370

177 957 246 993 ΒΑ.
305 957 412 993 Num
442 954 537 1003 quid
565 953 670 992 aliud
700 954 818 992 etiam
848 953 963 992 uoltis
991 953 1150 992 dicere?
1229 955 1296 993 Ca.
1351 954 1505 1004 Ecquid

152 1050 199 1064 N
283 1028 321 1058 te
350 1021 504 1069 pudet?

178 1087 248 1122 ΒΑ.
305 1087 413 1123 Tene
437 1092 653 1122 amatorem
683 1096 767 1122 esse
796 1083 999 1122 inuentum
1030 1083 1187 1121 inanem
1216 1083 1326 1133 quasi
1355 1096 1505 1122 cassam

284 1150 455 1187 nucem?
790 1190 795 1192 ,

179 1215 329 1253 Uerum
359 1225 597 1262 quamquam
628 1213 748 1250 multa
778 1213 959 1261 malaque
988 1212 1028 1249 in
1058 1225 1122 1250 me
1150 1211 1300 1251 dixistis
1329 1211 1461 1262 impia,

112 1296 158 1319 ¹45
180 1277 266 1316 Nisi
288 1277 383 1316 mihi
408 1278 486 1314 huc
512 1276 695 1314 adtulerit
720 1276 831 1315 miles
858 1276 1032 1326 quinque
1056 1290 1156 1326 quas
1181 1278 1302 1316 d'ebet
1328 1278 1508 1316 minas——

178 1342 285 1381 Sicut
313 1343 412 1380 haec
439 1348 499 1380 est
528 1342 756 1391 praestituta
784 1355 937 1380 summa
966 1341 1000 1380 ei
1029 1350 1190 1392 argento
1220 1342 1357 1381 dies—
1431 1354 1504 1392 375

178 1407 216 1446 Si
245 1406 287 1445 id
314 1419 395 1444 non
425 1406 558 1452 adfert,
581 1419 697 1455 posse
727 1405 868 1455 opinor
895 1407 1021 1444 facere
1051 1419 1114 1444 me
1143 1406 1313 1444 officium
1343 1420 1486 1445 meum.

179 1472 251 1511 CA.
309 1469 417 1519 Quid
448 1469 488 1508 id
518 1471 605 1508 est?
679 1472 747 1508 BA.
807 1469 846 1509 Si
879 1478 919 1509 tu
951 1478 1153 1520 argentum
1188 1471 1382 1518 adtuleris‚
1416 1485 1507 1510 cum

284 1535 351 1573 illo
380 1535 589 1584 perdidero
616 1535 735 1573 fidem
750 1551 760 1583 3

181 1603 274 1639 Hoc
304 1600 475 1639 officium
506 1613 637 1638 meum
669 1609 738 1638 est.
798 1600 898 1638 Mihi
930 1614 1071 1650 operae
1101 1601 1133 1640 si
1168 1601 1226 1649 sit,
1258 1603 1346 1652 plus
1377 1610 1507 1641 tecum

285 1666 445 1714 loquar3

118 1748 163 1772 ‹50
180 1729 257 1768 Sed
287 1729 370 1768 sine
398 1736 558 1778 argento
588 1730 726 1768 frustra
754 1743 811 1776 es,r
829 1729 895 1780 qui
924 1744 987 1769 me
1016 1731 1072 1769 tui
1101 1730 1273 1770 misereri
1302 1733 1487 1781 postulas.

182 1795 297 1831 Haec
323 1806 411 1831 mea
439 1801 498 1831 est
526 1793 729 1841 sententia,
764 1801 806 1832 ut
833 1802 875 1831 tu
904 1794 997 1832 hine
1026 1807 1142 1844 porro
1167 1795 1263 1845 quid
1294 1808 1383 1845 agas
1414 1808 1507 1834 con-

287 1859 399 1896 sulas.
1055 1848 1065 1855 ”
1431 1862 1508 1909 380

181 1923 253 1961 CA.
314 1923 451 1960 Iamne
480 1921 593 1960 abis?
660 1923 737 1961 Ba.
797 1922 941 1972 Negoti
969 1936 1076 1961 nunc
1105 1937 1191 1961 sum
1221 1925 1370 1973 plenus.
1443 1925 1507 1961 Ps.

237 2027 240 2029 Α
288 1987 410 2025 Paulo
438 1993 529 2036 post
557 1985 688 2036 magis.

182 2051 426 2089 Illic‘horno
463 2064 574 2089 meus
613 2058 683 2096 est,
713 2050 787 2089 nisi
825 2064 963 2090 omnes
1001 2052 1042 2090 di
1076 2065 1140 2091 me
1177 2061 1297 2102 atque
1330 2053 1509 2092 homines

288 2114 483 2152 deserunt.

183 2179 388 2216 Exossabo
417 2191 490 2227 ego
518 2177 627 2216 illum
657 2177 834 2216 simulter
862 2177 997 2216 itidem
1024 2186 1066 2216 ut
1093 2192 1320 2217 muraenam
1348 2192 1506 2229 coquos.

119 2262 165 2285 155
184 2243 312 2288 Nunc,
334 2243 529 2289 Calidore,
549 2250 588 2281 te
618 2242 713 2280 mihi
742 2256 902 2292 operam
932 2244 1025 2282 dare
1054 2245 1157 2283 uolo.
1234 2246 1306 2285 CA.
1356 2244 1511 2294 Ecquid

290 2306 473 2357 inperas?
