1747 2620
294 151 343 189 50
772 140 1051 178 PSEUDOL
1064 139 1140 177 US.
1303 136 1380 192 [IV
1402 152 1436 188 3,
1461 152 1573 187 1—-4‚
1598 151 1617 187 7
1640 114 1647 124 ¹

855 328 1111 365 PSEUDOLUS.

195 439 275 471 1V3
295 434 473 474 Peiorem
503 447 576 484 ego
604 433 805 472 hominem
835 433 1035 484 magisque
1065 440 1223 472 uorsute
1243 430 1397 477 'malum
1521 449 1622 473 1020

295 501 523 548 Numquam
554 500 699 547 edepol
728 511 967 548 quemquam
997 499 1091 545 uidi,
1123 512 1242 548 quam
1270 499 1335 537 hic
1363 507 1421 538 est
1449 492 1580 549 Simia,

295 561 501 610 Nimisque
531 574 604 611 ego
633 560 743 598 illum
771 560 974 598 hominem
1003 568 1137 599 metuo
1166 568 1204 598 et
1233 560 1401 599 formido
1430 563 1542 610 male,

295 627 357 664 Ne
387 627 512 663 malus
540 625 634 663 item
664 638 754 674 erga
783 638 846 663 me
875 624 934 672 sit,
965 632 1007 662 ut
1037 638 1127 674 erga
1156 625 1264 662 illum
1293 625 1378 671 fuit,

263 705 279 730 5
297 691 359 728 Ne
387 689 428 727 in
456 702 496 728 re
525 689 697 727 secunda
725 701 831 726 nunc
859 686 956 726 mihi
985 690 1167 727 obuortat
1197 702 1355 735 cornua,

296 754 335 793 Si
364 754 614 792 occasionem
643 753 776 802 capsit‚
809 752 875 802 qui
905 752 951 791 sit
981 754 1079 790 milei
1105 754 1256 800 malus;
1523 765 1622 804 1025

295 822 427 868 Atque
458 819 598 867 edepol
629 818 812 867 equidem
843 819 936 856 nolo
952 832 963 866 3
1003 832 1094 856 nam
1123 818 1178 856 illi
1205 819 1308 856 bene
1338 819 1442 856 uolo.

296 884 416 921 Nunc
445 882 484 919 in
513 889 620 920 metu
649 895 735 920 sum
765 895 951 920 maxumo
979 881 1122 932 triplici
1151 883 1282 920 modo.

297 947 470 985 Primum
499 946 675 984 omnium
704 946 781 983 iarn
810 946 916 984 hunc
943 959 1154 995 conparem
1183 954 1317 984 metuo
1347 935 1494 984 meumx

247 1031 280 1048 10
298 1014 360 1051 Ne
389 1013 542 1051 deserat
571 1025 634 1050 me
663 1018 781 1060 atque
809 1011 860 1049 ad
888 1011 1011 1049 hostis
1040 1018 1219 1048 transeat.

298 1078 439 1115 Metuo
468 1084 610 1121 autem,
640 1077 689 1113 ne
719 1088 807 1113 erus
835 1075 969 1112 redeat
999 1074 1115 1112 etiam
1146 1075 1240 1112 dum
1270 1088 1293 1112 a
1320 1076 1417 1122 foro,
1524 1089 1625 1125 1030

298 1142 361 1179 Ne
391 1148 505 1190 capta
532 1141 678 1190 praeda
706 1140 809 1189 capti
839 1139 1059 1189 praedones
1087 1141 1207 1177 fuant.

298 1208 431 1256 Quom
458 1207 556 1244 haec
585 1213 729 1249 metuo,
759 1207 894 1243 metuo
923 1217 973 1243 ne
1002 1204 1066 1242 ille
1095 1205 1171 1242 huc
1201 1206 1364 1254 Harpax
1392 1205 1564 1243 aduenat

297 1271 407 1309 Prius
437 1283 556 1320 quam
585 1270 677 1307 hinc
704 1269 768 1307 hic
800 1271 963 1318 Harpax
991 1268 1128 1306 abierit
1158 1282 1247 1306 cum
1277 1268 1448 1307 muliere.
1492 1274 1495 1276 ’

249 1351 279 1375 15
300 1335 401 1374 Perii
429 1336 557 1374 hercle
571 1349 581 1382 3
618 1334 785 1372 nimium
812 1335 923 1372 tarde
952 1333 1203 1383 egrediuntur
1230 1334 1340 1382 foras.

299 1402 379 1441 Cor
407 1399 609 1449 conligatis
638 1400 741 1437 uasis
769 1390 969 1448 exspectat
980 1388 1152 1448 ³meum,¹
1265 1447 1269 1450 β
1418 1394 1420 1396 ’
1526 1411 1624 1449 1035

299 1463 338 1503 Si
367 1476 449 1502 non
477 1464 620 1502 educat
649 1462 853 1508 mulierem
883 1475 1015 1500 secum
1044 1461 1170 1509 simul,

300 1529 358 1566 Ut
386 1529 606 1566 exsulatum
635 1540 682 1565 ex
711 1534 870 1577 pectore
899 1526 1072 1579 aufugiat
1099 1539 1200 1565 meo.

300 1592 441 1632 Uictor
468 1605 579 1636 sum3
618 1591 695 1630 uici
724 1599 860 1630 cautos
889 1591 1072 1629 custodes
1101 1604 1222 1630 meos.

632 1788 766 1826 Suum.
823 1788 997 1825 SERUOS.
1057 1788 1300 1825 MERETRIX.

200 1915 354 1953 1V4S1.
413 1915 476 1952 Ne
505 1914 639 1963 plora3
680 1911 807 1950 nescis
836 1918 878 1949 ut
906 1924 966 1949 res
996 1910 1055 1957 sit,
1088 1909 1355 1959 Phoenicium,

303 1980 453 2018 Uerum
482 1978 589 2016 haud
617 1978 741 2015 multo
769 1983 858 2026 post
886 1977 974 2014 faxo
1004 1976 1121 2014 scibis
1148 1977 1360 2015 adcubans
1526 1969 1628 2024 1046

302 2045 395 2082 Non
424 2056 497 2093 ego
526 2050 565 2081 te
593 2042 643 2080 ad
670 2040 780 2078 illum
809 2041 912 2078 duco
942 2041 1145 2079 dentatum
1172 2041 1298 2079 uirum

304 2107 666 2152 Macedoniensem,
698 2106 764 2155 qui
793 2113 832 2144 te
860 2118 965 2143 nunc
993 2106 1152 2143 flentem
1181 2105 1297 2152 facit;

268 2191 284 2215 5
304 2172 473 2221 Quoiam
504 2184 588 2210 esse
618 2178 656 2209 te
684 2170 743 2208 uis
770 2183 963 2216 maxume,
993 2170 1044 2208 ad
1073 2183 1162 2208 eum
1191 2170 1343 2208 duceris
1358 2184 1369 2218 3

303 2236 531 2276 Calidorum
560 2235 667 2273 haud
695 2236 819 2273 multo
848 2241 937 2284 post
963 2235 1053 2272 faxo
1082 2235 1366 2283 amplexabere.

304 2303 368 2340 Ps.
427 2300 533 2350 Quid
562 2308 604 2339 tu
631 2299 735 2338 intus
764 2312 910 2350 quaeso
940 2298 1124 2338 desedisti
1153 2306 1233 2337 tarn
1263 2299 1361 2337 diu?
1527 2310 1624 2351 1045
