1747 2620
295 119 344 164 48
775 117 1054 156 PSEUDOL
1066 118 1142 157 σε.
1312 117 1390 171 [1v
1411 134 1440 168 2,
1466 131 1616 170 17-35

295 221 399 258 Nam
436 218 476 257 in
513 221 598 259 foro
636 220 701 258 uix
739 221 926 259 decumus
964 220 1130 270 quisque
1173 229 1244 269 est,
1282 224 1347 271 qui
1385 222 1490 272 ipsus
1535 237 1619 263 sese

399 284 562 323 nouerit.

295 349 358 386 Ps.
415 349 551 387 Saluos
580 362 690 397 sum,
728 348 806 387 iam
835 349 1140 399 philosophatur.
1200 352 1253 389 S1.
1299 351 1516 391 Hominem
1545 366 1618 403 ego

399 413 464 450 hic
491 426 637 462 quaero
666 414 813 451 malum

295 477 531 527 Legirupam
568 477 753 526 inpurum
790 478 986 527 periurum
1024 486 1143 528 atque
1182 478 1344 529 inpium.
1420 482 1488 518 ΒΑ.
1549 483 1618 520 Me

399 541 614 592 quaeritat3

244 627 276 645 20
295 607 397 644 Nam
435 606 501 644 illa
538 619 618 644 mea
657 613 749 644 sunt
792 614 1065 657 cognomenta.
1144 609 1301 646 Nomen
1349 608 1381 646 si
1428 616 1619 647 memoret

398 671 531 710 modo.
1541 675 1618 722 980

294 734 402 784 Quid
422 742 481 773 est
500 733 537 773 ei
556 733 707 772 homini
727 736 904 773 nomen?
951 737 1002 774 Si.
1036 737 1146 774 Leno
1167 737 1302 774 Ballio.
1360 737 1431 774 BA.
1463 735 1618 775 Sciuine

400 800 502 849 ego?

293 864 386 912 Ipse
414 876 488 913 ego
517 863 548 901 is
578 875 674 910 sum,
696 863 938 910 adulescens,
961 871 1150 913 quem‘tu
1180 863 1343 913 quaeris.
1402 864 1457 902 Si.
1503 866 1618 904 Tune

399 940 440 965 es
470 928 626 965 Ballio?
1640 914 1649 918 ὁ

293 991 383 1035 ΒΑ.Ι
423 992 508 1040 Ego
529 990 730 1029 enimuero
749 989 782 1029 is
802 1004 899 1029 sum.
976 992 1029 1029 SI.
1079 993 1136 1030 Ut
1157 991 1340 1038 uestitu's‚
1364 1005 1403 1030 es
1424 993 1618 1042 perfossor

399 1055 602 1104 parietum.
1539 1046 1541 1049 V

293 1121 366 1159 BA.
424 1121 566 1167 Credo,
597 1119 638 1158 in
676 1119 845 1158 tenebris
884 1118 1135 1169 conspicatus
1169 1119 1201 1158 si
1234 1120 1285 1158 sis
1318 1133 1393 1166 me,
1423 1120 1618 1160 abstineas

399 1197 570 1222 manum.

244 1267 274 1289 25
292 1249 345 1287 S1.
404 1250 504 1286 Erus
524 1262 634 1287 meus
654 1248 723 1287 tibi
744 1261 807 1286 me
828 1249 993 1286 salutem
1013 1250 1176 1286 multam
1195 1248 1321 1286 uoluit
1340 1248 1480 1287 dicere.
1540 1251 1589 1299 §8
1595 1260 1615 1298 5

293 1315 413 1352 Hanc
441 1313 649 1362 epistulam
677 1313 814 1362 accipe
843 1325 867 1350 a
894 1325 980 1360 me;
1020 1313 1123 1350 hanc
1151 1325 1215 1351 me
1244 1313 1314 1350 tibi
1342 1312 1451 1351 iussit
1479 1313 1583 1351 dare.

291 1378 367 1415 Ba.
427 1378 526 1425 Quis
545 1377 577 1415 is
597 1378 718 1415 homo
739 1384 797 1415 est
817 1376 884 1426 qui
905 1376 1040 1415 iussit?
1116 1379 1179 1415 Ps.
1239 1376 1349 1424 Perii,
1372 1390 1477 1415 nunc
1497 1378 1616 1416 homo
1656 1389 1658 1391 ·

398 1441 438 1479 in
468 1441 599 1480 medio
628 1443 711 1480 luto
742 1449 809 1480 est.

293 1509 451 1546 Nomen
471 1506 595 1545 nescit
610 1520 622 1554 3
654 1508 786 1545 haeret
806 1507 903 1544 haec
923 1519 994 1544 res.
1070 1507 1139 1543 BA.
1189 1507 1319 1554 Quem
1339 1507 1440 1544 hanc
1467 1504 1616 1544 misisse

398 1573 448 1610 ad
477 1584 541 1609 me
570 1572 779 1609 autumas?

292 1636 345 1673 S1.
405 1637 536 1674 Nosce
565 1635 800 1685 imaginem3
839 1642 920 1673 tute
949 1635 1032 1673 eius
1060 1647 1207 1673 nomen
1236 1642 1452 1673 memorato
1481 1633 1588 1682 mihi,

241 1719 274 1742 30
293 1702 349 1739 Ut
389 1702 506 1739 sciam
551 1708 590 1739 te
630 1701 848 1738 Ballionem
888 1712 972 1737 esse
1014 1699 1155 1749 ipsum.
1238 1701 1309 1738 BA.
1368 1700 1479 1739 Cedo
1520 1697 1615 1736 mihi

398 1764 614 1814 epistulam.
1538 1777 1615 1813 990

291 1830 343 1868 S1.
402 1829 553 1879 Accipe
574 1837 612 1869 et
631 1842 826 1880 cognosce
847 1828 1012 1878 signum.
1076 1830 1148 1866 BA.
1179 1829 1273 1878 Oh,
1296 1827 1615 1877 Polymachaero-

396 1894 572 1944 plagides

294 1960 419 1997 Purus
447 1966 563 2008 putus
593 1966 651 1997 est
678 1957 808 2008 ipsus;
844 1956 949 1996 noui.
1008 1959 1132 2004 Heus,
1163 1956 1615 2007 Polymachaeroplagidi

293 2025 452 2061 Nomen
489 2030 558 2061 est.
630 2024 684 2061 S1.
745 2021 833 2060 Scio
867 2023 944 2059 iam
977 2035 1042 2061 me
1078 2029 1183 2060 recte
1220 2021 1292 2060 tibi
1324 2022 1481 2060 dedisse
1517 2021 1615 2070 epis-

399 2088 533 2132 tulam,

293 2152 507 2199 Postquam
539 2149 1027 2199 Polymachaeroplagidae
1055 2149 1232 2187 elocutus
1261 2160 1406 2186 nomen
1435 2160 1487 2185 es.

242 2231 272 2255 35
293 2215 361 2251 BA.
419 2213 527 2261 Quid
554 2213 633 2262 agit
661 2214 722 2251 is?
785 2214 840 2252 SI.
889 2214 1009 2262 Quod
1037 2213 1158 2251 homo
1188 2213 1331 2262 edepol
1359 2212 1466 2251 fortis
1495 2219 1613 2261 atque

398 2279 563 2315 bellator
589 2277 747 2327 probuS.
1535 2286 1610 2325 995
